3567 5700
816 599 933 660 LIBER
950 601 986 660 Π.

525 779 597 848 Nec
618 802 736 849 saevos
757 780 924 869 Lapithas
948 789 984 849 et
1005 782 1142 850 nimium
1163 807 1253 851 mero

524 891 693 979 Hylaeum
715 892 921 982 domitosque
944 894 1111 961 Herculea
1133 919 1233 965 manu

524 1003 668 1070 Telluris
689 1003 835 1083 iuvenes,
858 1005 946 1072 unde
967 1006 1151 1094 periculum

565 1114 713 1201 Fulgens
736 1117 936 1183 contremuit
957 1117 1072 1185 domus

524 1269 660 1336 Saturni
682 1271 824 1338 veteris:
848 1276 951 1360 tuque
974 1271 1186 1359 pedestribus

523 1381 624 1449 Dices
645 1381 794 1449 historiis
814 1382 944 1469 proelia
966 1382 1130 1464 Caesaris

521 1492 707 1574 Maecenas,
727 1493 845 1560 melius
868 1493 1033 1584 ductaque
1055 1517 1115 1583 per
1134 1496 1209 1563 vias

564 1601 695 1689 Regum
717 1604 803 1671 colla
821 1604 1006 1672 minacium.

521 1757 576 1825 Me
599 1757 711 1825 dulces
734 1757 885 1825 dominae
905 1758 1001 1826 Musa
1024 1758 1221 1848 Licymniae

523 1868 658 1950 Cantus,
681 1870 864 1936 mavoluit
887 1870 998 1938 dicere
1022 1870 1169 1938 lucidum

522 1980 705 2067 Fulgentes
728 1981 840 2049 oculos
862 1988 898 2048 et
919 1983 1003 2049 bene
1025 1984 1150 2050 mutuis

564 2091 685 2160 Fidum
706 2097 824 2181 pectus
847 2094 1024 2162 amoribus.

522 2245 629 2327 Quam
650 2269 711 2313 nec
733 2247 821 2314 ferre
844 2248 963 2335 pedem
985 2248 1141 2315 dedecuit
1163 2248 1272 2316 choris

520 2358 592 2425 Nec
613 2364 743 2426 certare
765 2360 837 2426 ioco
859 2382 920 2426 neo
942 2359 1022 2426 dare
1044 2360 1201 2427 bracchia

521 2469 707 2538 Ludentem
730 2469 847 2537 nitidis
868 2471 1056 2558 virginibus
1079 2494 1173 2539 sacro

562 2582 693 2649 Dianae
707 2582 855 2651 celebris
879 2583 941 2650 die.

521 2736 609 2803 Num
630 2743 670 2803 tu
692 2760 775 2826 quae
796 2738 908 2803 tenuit
931 2738 1024 2805 dives
1046 2737 1275 2806 Achaemenes

520 2848 593 2915 Aut
614 2849 748 2936 pinguis
769 2848 941 2938 Pbrygiae
963 2850 1167 2938 Mygdonias
1187 2873 1266 2940 opes

519 2959 716 3028 Permutare
739 2962 823 3028 velis
846 2961 937 3029 crine
958 2961 1180 3050 Licymniae?

561 3071 682 3139 Plenas
704 3078 763 3139 aut
783 3071 934 3140 Arabum
956 3074 1077 3154 domos,

520 3224 602 3292 Cum
624 3226 806 3312 flagrantia
829 3227 1007 3317 detorquet
1028 3229 1071 3295 ad
1093 3229 1206 3296 oscula

521 3336 691 3406 Cervicem
714 3344 774 3405 aut
795 3339 888 3406 facili
910 3340 1055 3407 saevitia
1077 3346 1187 3426 negat,

519 3448 612 3530 Quae
634 3456 791 3537 poscente
813 3452 920 3536 magis
942 3452 1093 3538 gaudeat
1112 3452 1205 3540 eripi,

560 3561 734 3628 Interdum
755 3584 873 3650 rapere
896 3566 1060 3651 occupet?

833 3923 941 3998 xm.

517 4073 625 4142 Vilem
648 4076 777 4143 nefasto
800 4082 835 4142 te
856 4076 970 4165 posuit
992 4077 1046 4144 die

518 4184 719 4275 Quicumque
741 4187 883 4275 primum
906 4195 941 4256 et
962 4189 1127 4275 sacrilega
1148 4212 1249 4257 manu

556 4296 729 4378 Produxit‚
752 4299 858 4380 arbos,
880 4298 916 4364 in
938 4306 1097 4388 nepotum

600 4407 786 4476 Perniciem
809 4411 1085 4501 opprobriumque
1108 4412 1196 4500 pagi,

514 4578 613 4645 Illum
636 4586 671 4645 et
690 4580 839 4668 parentis
863 4581 1061 4648 crediderim
1083 4584 1136 4650 sui

514 4690 669 4777 Fregisse
694 4692 855 4759 cervicem
877 4700 913 4760 et
935 4694 1120 4782 penetralia

557 4799 726 4891 Sparsisse
748 4811 909 4871 nocturno
932 4827 1048 4872 cruore

598 4913 767 5006 Hospitis;
789 4916 846 4982 ille
868 4938 998 4983 venena
1020 4915 1145 4991 Colcha
