3567 5700
754 622 872 688 LIBER
893 624 957 687 ΠΠ.

797 916 925 991 ΧΙΠΙ.

497 1066 592 1148 Quae
610 1090 689 1134 cura
710 1075 842 1155 patrum
863 1090 992 1157 quaeve
1015 1067 1197 1149 Quiritium

496 1177 610 1245 Plenis
631 1179 792 1245 honorum
817 1180 1008 1246 muneribus
1029 1187 1114 1260 tuas,

538 1291 702 1376 Anguste,
724 1291 871 1358 virtutes
893 1290 927 1356 in
952 1313 1071 1357 aevum

582 1401 649 1469 Per
669 1402 789 1470 titulos
813 1424 1039 1493 memoresque
1064 1403 1174 1469 fastus

495 1572 676 1654 Extendat,
700 1598 729 1656 o,
751 1597 818 1664 qua
840 1574 890 1642 sol
912 1575 1114 1643 habitabiles

496 1684 661 1776 Iplustrat
682 1708 768 1767 oras,
791 1686 934 1752 maxime
958 1687 1166 1774 principum?

539 1795 645 1877 Quem
666 1796 753 1883 legis
775 1802 932 1885 expe1tes
954 1796 1097 1864 Latinae

580 1907 748 1976 Vindelici
770 1908 917 1976 didicere
939 1931 1053 1996 nuper,

497 2078 585 2160 Quid
607 2087 715 2148 marte
738 2103 861 2169 posses.
905 2081 1016 2147 Milite
1038 2079 1132 2148 inam
1153 2088 1213 2148 tuo

498 2192 626 2259 Drusus
648 2191 836 2273 Genaunes,
858 2192 1061 2281 inplacidum
1083 2215 1196 2279 genus,

538 2304 755 2394 Breunosque
777 2305 909 2371 veloces
932 2312 967 2370 et
987 2326 1082 2371 arces

582 2415 725 2504 Alpibus
745 2416 910 2505 inpositas
932 2414 1116 2517 tremendis

496 2587 630 2654 Deiecit
650 2609 727 2655 acer
748 2588 824 2676 plus
845 2587 919 2655 vice
941 2587 1101 2676 simplici;

497 2698 603 2765 Maior
625 2698 794 2766 Neronum
815 2722 892 2766 mox
913 2720 1018 2785 grave
1040 2699 1201 2787 proelium

540 2808 704 2879 Commisit
725 2811 950 2902 immanesque
972 2810 1102 2879 Raetos

581 2923 753 3011 Auspiciis
774 2924 906 3012 pepulit
927 2924 1090 3004 secundis,

497 3093 706 3183 Spectandae
728 3093 781 3161 †in
805 3096 987 3163 certamine
1009 3095 1134 3163 Martio

497 3207 631 3273 Devota
652 3206 751 3273 morti
773 3214 912 3294 pectora
932 3207 1058 3274 liberae

540 3318 684 3400 Quantis
703 3317 867 3405 fatigaret
888 3319 1002 3399 ruinis,

580 3430 768 3497 Indomitos
790 3451 893 3518 prope
916 3429 1025 3519 qualis
1047 3430 1153 3497 undas

496 3601 643 3669 Exercet
664 3608 779 3669 auster
800 3600 976 3668 Pleiadum
997 3600 1097 3669 choro

497 3712 676 3781 Scindente
698 3714 810 3794 nubes,
831 3713 964 3802 inpiger
986 3713 1132 3780 hostium

539 3825 673 3893 Vexare
694 3831 822 3892 turmas
845 3831 881 3891 et
901 3825 1097 3892 frementem

580 3936 720 4005 Mittere
742 3958 862 4026 equum
882 3937 1008 4004 medios
1030 3960 1091 4026 per
1112 3938 1217 4024 ignes.

497 4106 552 4175 Sic
573 4108 780 4175 tauriformis
801 4108 951 4176 volvitur
972 4109 1123 4188 Aufidus,

498 4218 572 4300 Qua
593 4241 700 4306 regna
720 4220 833 4287 Dauni
854 4219 1014 4307 praefluit
1035 4220 1148 4308 Apuli,

541 4328 623 4397 Cum
644 4331 754 4399 saevit
775 4332 1039 4419 horrendamque
1062 4331 1162 4398 cultis

582 4442 752 4510 Diluviem
774 4443 950 4510 minitatur
972 4442 1073 4529 agris,

498 4612 546 4680 Vt
565 4614 782 4681 barbarorum
805 4612 965 4682 Claudius
990 4615 1125 4701 agmina

499 4723 643 4792 Ferrata
664 4732 762 4793 vasto
784 4726 890 4793 diruit
910 4727 1040 4816 impetu

541 4836 735 4927 Primosque
758 4843 794 4905 et
815 4845 982 4906 extremos
1004 4838 1159 4906 metendo

584 4946 717 5015 Stravit
737 4948 870 5016 humum
891 4950 962 5017 sine
986 4951 1080 5018 clade
1103 4951 1218 5030 victor,

1282 5052 1317 5105 ⁷*
