3567 5700
702 1531 1116 1642 arabon

849 1757 973 1822 LIBER

897 1964 925 2036 Ι.

539 2081 614 2191 lm
637 2123 795 2191 aalma
815 2124 906 2191 aar
928 2124 997 2192 aa
1019 2125 1162 2207 nauum,

581 2235 707 2317 Amice,
731 2237 990 2325 propugnacula,

538 2349 680 2415 Paratus
703 2370 797 2415 omne
821 2346 976 2416 Caesaris
998 2349 1181 2438 periculum

581 2459 708 2542 Subire,
730 2460 915 2541 Maecenas,
936 2466 1005 2527 tuo.

538 2571 627 2653 Quid
648 2595 716 2653 uos,
737 2571 856 2662 quibus
878 2578 914 2638 te
936 2572 1010 2639 vita
1032 2572 1061 2640 si
1084 2572 1267 2661 superstite

580 2683 738 2764 Iucunda,
761 2684 790 2750 si
814 2689 938 2765 contra,
959 2684 1099 2770 gravis?

537 2797 701 2863 Vtrumne
723 2795 806 2863 iussi
830 2817 1067 2887 persequemur
1089 2795 1194 2864 otium

578 2908 654 2976 Non
679 2909 775 2976 dulce
798 2908 833 2974 ni
854 2914 966 2976 tecum
987 2908 1095 2990 simul,

537 3020 591 3087 An
613 3020 701 3088 hunc
721 3020 878 3102 laborem,
900 3027 1011 3087 mente
1035 3020 1148 3102 laturi,
1171 3021 1268 3089 decet

579 3131 654 3213 Qua
673 3132 762 3199 ferre
785 3156 851 3199 non
872 3132 990 3200 molles
1011 3133 1127 3201 viros?

536 3244 702 3326 Fercmus,
726 3249 817 3311 etta
841 3244 896 3312 vel
916 3266 978 3334 per
997 3243 1135 3335 Alpium
1157 3246 1245 3332 iuga,

577 3355 818 3446 Inhospitalem
841 3362 877 3423 et
899 3354 1085 3425 Caucasum

535 3466 600 3537 Vel
621 3467 802 3536 occidentis
822 3490 927 3559 usqne
951 3469 995 3536 ad
1015 3468 1169 3538 ultimum
1191 3470 1299 3538 sinum

577 3578 673 3648 Furti
695 3602 872 3670 sequemur
892 3586 1038 3671 pectore.

484 3730 487 3735 ·
535 3691 656 3778 Regae,
678 3697 772 3759 tunm
793 3692 909 3760 labore
930 3693 1010 3783 quid
1031 3693 1143 3761 iuvem
1164 3716 1245 3776 mec,

576 3801 714 3870 Inbellis
736 3825 776 3871 ac
796 3802 911 3872 firmus
934 3806 1072 3893 parum?

536 3911 652 3981 Comes
673 3914 799 3982 minore
821 3939 895 3983 sum
917 3915 1050 3985 futurus
1071 3918 1106 3984 in
1127 3923 1228 3999 metu,

577 4025 643 4107 Qui
665 4025 771 4093 maior
791 4027 947 4094 absentes
971 4028 1089 4096 habet:

534 4136 583 4204 Vt
604 4136 761 4204 adsidens
781 4138 983 4226 inplumibus
1005 4140 1107 4229 pullis
1128 4140 1201 4209 avis

576 4248 791 4338 Serpentium
812 4250 971 4339 adlapsus
992 4252 1092 4319 timet

533 4360 642 4448 Magis
663 4360 801 4443 relictis,
823 4384 889 4428 uon
911 4362 963 4429 uti
985 4363 1032 4431 sit
1054 4363 1160 4431 auxili

575 4472 706 4541 Latara
727 4472 803 4561 plus
823 4474 1067 4563 praesentibus.

535 4584 695 4652 Libenter
715 4584 779 4653 hoc
800 4590 837 4652 et
857 4607 952 4653 omne
973 4587 1176 4657 militabitur

577 4695 707 4764 Bellum
729 4695 764 4762 in
785 4702 865 4763 tuae
887 4719 979 4786 spem
1001 4698 1143 4785 gratiae,

533 4803 610 4872 Non
629 4810 669 4871 ut
690 4805 840 4875 iuvencis
861 4807 1005 4896 inligata
1029 4809 1180 4899 pluribus

576 4915 705 4984 Aratra
726 4917 878 4985 nitantur
897 4940 981 5001 mea,
