3567 5700
433 784 542 871 cogor
561 782 715 852 relictos:
738 806 878 873 namque
900 785 1081 873 Diespiter,

431 896 507 983 Igni
530 919 666 964 corusco
688 895 804 962 nubila
826 895 979 964 dividens

473 1006 681 1096 Plerumque,
702 1027 764 1095 per
785 1030 905 1097 purum
927 1013 1084 1076 tonantes

515 1117 601 1206 Egit
623 1140 725 1208 equos
747 1118 980 1209 volucremque
1002 1143 1147 1205 currum;

431 1273 502 1356 Quo
524 1273 626 1341 brute
646 1273 749 1340 tellus
768 1279 804 1341 et
829 1295 920 1360 vaga
940 1275 1085 1355 flumina,

432 1384 505 1467 Quo
527 1384 617 1473 Styx
639 1391 676 1452 et
697 1385 799 1452 invisi
819 1385 957 1452 horrida
979 1386 1125 1454 Taenari

473 1495 577 1565 Sedes
597 1494 848 1586 Atlanteusque
870 1497 946 1564 finis

350 1589 358 1603 ‘
516 1606 722 1677 concam.
765 1608 870 1676 voa
891 1607 959 1676 ima
979 1610 1115 1677 summa

429 1763 562 1831 Mutare
584 1769 621 1831 et
641 1763 805 1851 insignem
827 1768 986 1830 attenuat
1008 1763 1098 1845 deus,
1157 1826 1163 1843 ,

430 1874 580 1942 Obscura
600 1896 770 1963 promens;
791 1873 869 1941 hinc
891 1875 1021 1963 apicem
1041 1897 1149 1965 rapax

472 1986 624 2053 Fortuna
644 2008 717 2054 cum
738 1985 884 2053 stridore
907 1993 1006 2054 acuto

515 2095 668 2178 Sustulit,
689 2097 744 2165 hic
764 2098 916 2186 posuisse
938 2099 1074 2185 gaudet.

743 2458 899 2534 XXXV.

429 2611 457 2677 Ο
481 2611 569 2691 diva,
591 2617 725 2698 gratum
747 2632 832 2700 quae
853 2612 945 2698 regis
965 2610 1114 2693 Antium,

428 2723 593 2790 Praesens
614 2723 669 2791 vel
690 2722 755 2790 imo
777 2723 899 2791 tollere
921 2723 963 2790 de
984 2724 1091 2811 gradu

471 2834 615 2902 Mortale
639 2859 758 2924 eorpus
779 2835 835 2902 vel
857 2837 1018 2925 superbos

513 2947 656 3016 Vertere
680 2946 852 3015 funeribus
871 2947 1066 3038 triumphos,

428 3102 475 3170 Te
497 3123 625 3191 pauper
644 3102 749 3170 ambit
769 3101 916 3169 sollicita
937 3123 1035 3191 prece

427 3214 531 3281 Ruris
552 3214 695 3296 colonus,
717 3219 752 3280 te
776 3213 942 3280 dominam
966 3214 1127 3303 aequoris,

471 3325 674 3414 Quicumque
697 3325 851 3415 Bithyna
871 3326 1010 3393 lacessit

513 3436 735 3527 Carpathium
756 3438 897 3527 pelagus
920 3437 1041 3506 carina

427 3592 474 3659 'Pe
495 3592 609 3659 Dacus
631 3613 737 3681 asper,
760 3600 796 3660 te
815 3592 950 3681 profugi
971 3591 1119 3696 Scythae

426 3704 599 3793 Vrbesque
621 3709 804 3793 gentesque
827 3709 863 3771 et
884 3702 1020 3770 Latium
1043 3704 1138 3771 ferox

468 3815 666 3905 Regamque
690 3821 817 3883 matres
836 3815 1053 3882 barbarorum
1074 3821 1111 3882 et

510 3926 678 4016 Purpurei
698 3932 852 3994 metuunt
873 3926 1021 4015 tyranni,

426 4082 591 4149 Iniurioso
612 4103 655 4149 ne
675 4081 760 4170 pede
779 4103 921 4171 proruas

427 4192 579 4262 Stantem
602 4193 794 4274 columnam,
815 4214 881 4260 neu
900 4191 1043 4282 populus
1063 4193 1220 4282 frequens

469 4304 525 4373 Ad
546 4327 640 4373 arma
662 4310 840 4384 cessantes,
863 4303 908 4370 cd
929 4326 1023 4371 arma

512 4416 667 4486 Concitet
687 4414 927 4505 imperiumque
948 4416 1095 4501 frangat

427 4581 474 4647 'l'e
496 4603 626 4669 semper
648 4580 738 4648 antit
759 4601 858 4647 serva
879 4578 1082 4660 Necessitas,

429 4691 550 4760 Clavos
570 4692 721 4759 trabales
745 4697 781 4758 et
804 4712 925 4758 cuneos
945 4713 1046 4757 manu

471 4801 616 4870 sesana
638 4802 754 4883 ahena,
776 4823 837 4870 nec
858 4822 996 4869 severus

511 4913 624 4982 Vncus
645 4915 743 4982 abest
763 4913 989 5004 liquidumque
1010 4913 1188 5003 plumbum.
