3567 5700
789 571 994 632 CARMINVM
1423 566 1562 644 [XXVIll

430 757 478 823 Te
501 761 658 823 maneant
678 756 802 844 ipsum:
831 756 984 846 precibus
1006 780 1072 823 non
1090 756 1222 845 linquar
1242 753 1367 834 inultis,

473 866 585 956 Teque
607 867 740 956 piacula
762 868 854 934 nulla
875 868 1052 935 resolvent

431 980 637 1069 Quamquam
659 979 808 1060 festinas,
831 1003 897 1045 uon
920 984 973 1045 est
992 1002 1084 1045 mora
1104 978 1221 1063 longa3
1242 975 1359 1045 licebit

473 1091 602 1158 Iniecto
625 1096 679 1157 ter
699 1091 837 1179 pulvere
861 1113 984 1158 curras.

797 1450 999 1526 XXVIHI.

432 1605 509 1686 Ioci,
530 1606 639 1674 beatis
661 1629 747 1673 nunc
768 1603 919 1672 Arabum
940 1604 1070 1671 invides

435 1717 538 1784 Garis
558 1722 594 1783 et
616 1739 723 1785 acrem
746 1717 902 1784 militiam
924 1738 1024 1804 paras

475 1828 552 1896 Non
575 1834 654 1896 ante
677 1829 820 1896 devictis
842 1827 991 1895 Sabaeae

518 1939 670 2026 Regibus
692 1939 909 2029 horribilique
931 1939 1029 2008 Medo

433 2094 552 2161 Nectis
575 2100 720 2162 catenas.
765 2093 859 2176 Quae
881 2094 946 2161 tibi
968 2094 1136 2181 virginum

435 2204 562 2294 Sponsc
585 2212 702 2274 necato
724 2207 870 2274 barbara
892 2206 1042 2273 serviet?

477 2318 566 2385 Puer
588 2319 662 2408 quis
685 2341 726 2385 ex
750 2319 828 2386 aula
851 2317 982 2406 capillis

521 2427 578 2497 Ad
602 2432 760 2518 cyathum
783 2436 953 2499 statuetur
975 2430 1093 2510 unctis,

436 2585 564 2652 Doctus
587 2585 733 2671 sagittas
755 2586 895 2653 tendere
918 2583 1051 2653 Sericas

435 2695 529 2764 Arcu
550 2698 714 2785 paterno?
758 2696 840 2779 Quis
862 2703 966 2784 neget
989 2696 1102 2764 arduis

480 2807 607 2877 Pronus
630 2808 737 2877 relabi
760 2830 856 2899 posse
878 2808 969 2878 rivos

521 2920 692 2989 Montibus
716 2927 754 2987 et
773 2920 921 2988 Tiberim
943 2921 1077 3002 reverti,

439 3074 521 3142 Cum
542 3081 582 3143 tu
604 3081 771 3166 coemptos
794 3074 939 3165 undique
962 3075 1083 3143 nobilis

438 3186 558 3254 Libros
573 3187 722 3269 Panaeti,
745 3186 949 3255 Socraticam
972 3192 1007 3254 et
1030 3187 1160 3255 domum

480 3299 613 3366 Mutare
637 3300 750 3368 loricis
771 3299 917 3380 Hiberis,

524 3412 697 3480 Pollicitus
718 3411 865 3493 meliora,
887 3411 1024 3480 tendis?

841 3755 963 3831 XXX.

439 3908 467 3975 Ο
490 3908 612 3990 Venus,
636 3909 754 3995 regina
777 3907 876 3976 Cnidi
898 3908 1078 3999 Paphique,

439 4020 566 4110 Sperne
588 4021 744 4090 dilectam
767 4019 904 4110 Cypron
926 4027 962 4087 et
982 4022 1134 4090 vocantis

439 4132 528 4199 Ture
550 4138 586 4199 te
608 4132 712 4199 multo
736 4130 904 4220 Glycerae
927 4132 1080 4200 decoram

524 4243 684 4311 Transfer
705 4243 739 4310 in
762 4244 887 4312 aedem.

439 4398 605 4465 Fervidus
626 4404 736 4466 tecum
758 4420 842 4488 puer
865 4406 900 4465 et
922 4397 1040 4465 solutis

442 4508 583 4575 Gratiae
603 4509 695 4575 zonis
717 4515 962 4598 properentqm
984 4509 1161 4599 Nymphae

440 4622 488 4687 Et
509 4643 627 4710 parum
650 4621 750 4687 comis
773 4621 900 4687 sinete
922 4621 1083 4688 Iuventas

526 4731 784 4821 Mercuriusque.

803 4938 1008 4948 ——-—-—.
