<?xml version="1.0" encoding="UTF-8"?>
<!DOCTYPE html PUBLIC "-//W3C//DTD XHTML 1.0 Transitional//EN"
    "http://www.w3.org/TR/xhtml1/DTD/xhtml1-transitional.dtd">
<html xmlns="http://www.w3.org/1999/xhtml" xml:lang="en" lang="en">
 <head>
  <title>
</title>
<meta http-equiv="Content-Type" content="text/html;charset=utf-8" />
  <meta name='ocr-system' content='tesseract 3.04.00' />
  <meta name='ocr-capabilities' content='ocr_page ocr_carea ocr_par ocr_line ocrx_word'/>
</head>
<body>
  <div class='ocr_page' id='page_1' title='image "./odenundepoden00mlgoog_0108.png"; bbox 0 0 3567 5700; ppageno 0'>
   <div class='ocr_carea' id='block_1_1' title="bbox 789 568 993 634">
    <p class='ocr_par' dir='ltr' id='par_1_1' title="bbox 789 568 993 634">
     <span class='ocr_line' id='line_1_1' title="bbox 789 568 993 634; baseline 0.01 -2"><span class='ocrx_word' id='word_1_1' title='bbox 789 568 993 634; x_wconf 80' lang='lat' dir='ltr'><strong>CARMINVM</strong></span> 
     </span>
    </p>
   </div>
   <div class='ocr_carea' id='block_1_2' title="bbox 859 859 926 934">
    <p class='ocr_par' dir='ltr' id='par_1_2' title="bbox 859 859 926 934">
     <span class='ocr_line' id='line_1_2' title="bbox 859 859 926 934; baseline 0.015 -1"><span class='ocrx_word' id='word_1_2' title='bbox 859 859 926 934; x_wconf 90' lang='lat' dir='ltr'>XI.</span> 
     </span>
    </p>
   </div>
   <div class='ocr_carea' id='block_1_3' title="bbox 524 1014 1197 1418">
    <p class='ocr_par' dir='ltr' id='par_1_3' title="bbox 524 1014 1197 1101">
     <span class='ocr_line' id='line_1_3' title="bbox 524 1014 1197 1101; baseline -0.001 -19"><span class='ocrx_word' id='word_1_3' title='bbox 524 1014 589 1082; x_wconf 88' lang='lat' dir='ltr'>Est</span> <span class='ocrx_word' id='word_1_4' title='bbox 612 1014 693 1080; x_wconf 90' lang='lat' dir='ltr'>mihi</span> <span class='ocrx_word' id='word_1_5' title='bbox 716 1036 837 1080; x_wconf 88' lang='lat' dir='ltr'>nonum</span> <span class='ocrx_word' id='word_1_6' title='bbox 859 1014 1052 1101; x_wconf 89' lang='lat' dir='ltr'>superantis</span> <span class='ocrx_word' id='word_1_7' title='bbox 1074 1037 1197 1081; x_wconf 89' lang='lat' dir='ltr'>annum</span> 
     </span>
    </p>

    <p class='ocr_par' dir='ltr' id='par_1_4' title="bbox 524 1125 1187 1210">
     <span class='ocr_line' id='line_1_4' title="bbox 524 1125 1187 1210; baseline 0 -18"><span class='ocrx_word' id='word_1_8' title='bbox 524 1126 648 1193; x_wconf 91' lang='lat' dir='ltr'>Plenus</span> <span class='ocrx_word' id='word_1_9' title='bbox 669 1125 795 1192; x_wconf 87' lang='lat' dir='ltr'>Albani</span> <span class='ocrx_word' id='word_1_10' title='bbox 816 1125 933 1210; x_wconf 86' lang='lat' dir='ltr'>cadus;</span> <span class='ocrx_word' id='word_1_11' title='bbox 956 1133 1009 1192; x_wconf 90' lang='lat' dir='ltr'>est</span> <span class='ocrx_word' id='word_1_12' title='bbox 1027 1126 1063 1192; x_wconf 92' lang='lat' dir='ltr'>in</span> <span class='ocrx_word' id='word_1_13' title='bbox 1081 1125 1187 1207; x_wconf 89' lang='lat' dir='ltr'>horto,</span> 
     </span>
    </p>

    <p class='ocr_par' dir='ltr' id='par_1_5' title="bbox 524 1236 1143 1418">
     <span class='ocr_line' id='line_1_5' title="bbox 524 1236 1143 1326; baseline 0.002 -23"><span class='ocrx_word' id='word_1_14' title='bbox 524 1237 647 1326; x_wconf 73' lang='lat' dir='ltr'>Phylli,</span> <span class='ocrx_word' id='word_1_15' title='bbox 669 1236 842 1304; x_wconf 80' lang='lat' dir='ltr'>nectendis</span> <span class='ocrx_word' id='word_1_16' title='bbox 865 1237 976 1326; x_wconf 90' lang='lat' dir='ltr'>apium</span> <span class='ocrx_word' id='word_1_17' title='bbox 997 1237 1143 1323; x_wconf 63' lang='lat' dir='ltr'>comnia</span> 
     </span>
     <span class='ocr_line' id='line_1_6' title="bbox 566 1348 869 1418; baseline 0 -2"><span class='ocrx_word' id='word_1_18' title='bbox 566 1349 631 1418; x_wconf 85' lang='lat' dir='ltr'>Est</span> <span class='ocrx_word' id='word_1_19' title='bbox 652 1348 795 1417; x_wconf 77' lang='lat' dir='ltr'>hederae</span> <span class='ocrx_word' id='word_1_20' title='bbox 817 1349 869 1416; x_wconf 90' lang='lat' dir='ltr'>vis</span> 
     </span>
    </p>
   </div>
   <div class='ocr_carea' id='block_1_4' title="bbox 524 1520 1186 1814">
    <p class='ocr_par' dir='ltr' id='par_1_6' title="bbox 524 1520 1186 1814">
     <span class='ocr_line' id='line_1_7' title="bbox 524 1520 1186 1612; baseline 0.003 -24"><span class='ocrx_word' id='word_1_21' title='bbox 524 1520 652 1608; x_wconf 79' lang='lat' dir='ltr'>[Multa</span> <span class='ocrx_word' id='word_1_22' title='bbox 675 1544 742 1612; x_wconf 88' lang='lat' dir='ltr'>qna</span> <span class='ocrx_word' id='word_1_23' title='bbox 763 1521 871 1590; x_wconf 86' lang='lat' dir='ltr'>orines</span> <span class='ocrx_word' id='word_1_24' title='bbox 893 1521 1041 1608; x_wconf 83' lang='lat' dir='ltr'>religata</span> <span class='ocrx_word' id='word_1_25' title='bbox 1061 1522 1186 1609; x_wconf 78' lang='lat' dir='ltr'>firlges3</span> 
     </span>
     <span class='ocr_line' id='line_1_8' title="bbox 525 1633 1151 1721; baseline -0.002 -20"><span class='ocrx_word' id='word_1_26' title='bbox 525 1633 629 1702; x_wconf 89' lang='lat' dir='ltr'>Ridet</span> <span class='ocrx_word' id='word_1_27' title='bbox 651 1639 791 1721; x_wconf 78' lang='lat' dir='ltr'>argento</span> <span class='ocrx_word' id='word_1_28' title='bbox 814 1633 947 1719; x_wconf 89' lang='lat' dir='ltr'>domns;</span> <span class='ocrx_word' id='word_1_29' title='bbox 969 1656 1028 1701; x_wconf 87' lang='lat' dir='ltr'>ars</span> <span class='ocrx_word' id='word_1_30' title='bbox 1049 1634 1151 1702; x_wconf 82' lang='lat' dir='ltr'>castis</span> 
     </span>
     <span class='ocr_line' id='line_1_9' title="bbox 524 1745 1107 1814; baseline -0.002 0"><span class='ocrx_word' id='word_1_31' title='bbox 524 1745 647 1814; x_wconf 84' lang='lat' dir='ltr'>Vincta</span> <span class='ocrx_word' id='word_1_32' title='bbox 666 1746 820 1814; x_wconf 88' lang='lat' dir='ltr'>verbenis</span> <span class='ocrx_word' id='word_1_33' title='bbox 842 1752 924 1813; x_wconf 91' lang='lat' dir='ltr'>avet</span> <span class='ocrx_word' id='word_1_34' title='bbox 949 1746 1107 1814; x_wconf 86' lang='lat' dir='ltr'>inmolato</span> 
     </span>
    </p>
   </div>
   <div class='ocr_carea' id='block_1_5' title="bbox 567 1855 863 1948">
    <p class='ocr_par' dir='ltr' id='par_1_7' title="bbox 567 1855 863 1948">
     <span class='ocr_line' id='line_1_10' title="bbox 567 1855 863 1948; baseline -0.003 -23"><span class='ocrx_word' id='word_1_35' title='bbox 567 1856 728 1948; x_wconf 85' lang='lat' dir='ltr'>Spargier</span> <span class='ocrx_word' id='word_1_36' title='bbox 750 1881 836 1945; x_wconf 83' lang='lat' dir='ltr'>agno</span> <span class='ocrx_word' id='word_1_37' title='bbox 844 1855 863 1944; x_wconf 89' lang='lat'>;]</span> 
     </span>
    </p>
   </div>
   <div class='ocr_carea' id='block_1_6' title="bbox 524 2030 1240 2435">
    <p class='ocr_par' dir='ltr' id='par_1_8' title="bbox 524 2030 1208 2113">
     <span class='ocr_line' id='line_1_11' title="bbox 524 2030 1208 2113; baseline -0.003 -14"><span class='ocrx_word' id='word_1_38' title='bbox 524 2030 654 2099; x_wconf 82' lang='lat' dir='ltr'>Cuncta</span> <span class='ocrx_word' id='word_1_39' title='bbox 674 2031 816 2098; x_wconf 86' lang='lat' dir='ltr'>festinat</span> <span class='ocrx_word' id='word_1_40' title='bbox 837 2053 963 2113; x_wconf 86' lang='lat' dir='ltr'>manns,</span> <span class='ocrx_word' id='word_1_41' title='bbox 984 2030 1048 2098; x_wconf 86' lang='lat' dir='ltr'>huc</span> <span class='ocrx_word' id='word_1_42' title='bbox 1071 2036 1107 2097; x_wconf 90' lang='lat' dir='ltr'>et</span> <span class='ocrx_word' id='word_1_43' title='bbox 1128 2030 1208 2097; x_wconf 87' lang='lat' dir='ltr'>illue</span> 
     </span>
    </p>

    <p class='ocr_par' dir='ltr' id='par_1_9' title="bbox 525 2141 1150 2232">
     <span class='ocr_line' id='line_1_12' title="bbox 525 2141 1150 2232; baseline -0.002 -22"><span class='ocrx_word' id='word_1_44' title='bbox 525 2141 699 2211; x_wconf 72' lang='lat' dir='ltr'>Crusitnnt</span> <span class='ocrx_word' id='word_1_45' title='bbox 718 2143 844 2210; x_wconf 84' lang='lat' dir='ltr'>mixtae</span> <span class='ocrx_word' id='word_1_46' title='bbox 866 2142 981 2231; x_wconf 88' lang='lat' dir='ltr'>pueris</span> <span class='ocrx_word' id='word_1_47' title='bbox 1002 2142 1150 2232; x_wconf 87' lang='lat' dir='ltr'>puellae;</span> 
     </span>
    </p>

    <p class='ocr_par' dir='ltr' id='par_1_10' title="bbox 525 2253 1240 2435">
     <span class='ocr_line' id='line_1_13' title="bbox 525 2253 1240 2343; baseline 0 -22"><span class='ocrx_word' id='word_1_48' title='bbox 525 2253 701 2322; x_wconf 86' lang='lat' dir='ltr'>Sordidum</span> <span class='ocrx_word' id='word_1_49' title='bbox 723 2255 874 2322; x_wconf 88' lang='lat' dir='ltr'>flammae</span> <span class='ocrx_word' id='word_1_50' title='bbox 894 2253 1067 2343; x_wconf 88' lang='lat' dir='ltr'>trepidant</span> <span class='ocrx_word' id='word_1_51' title='bbox 1086 2260 1240 2321; x_wconf 84' lang='lat' dir='ltr'>rotantes</span> 
     </span>
     <span class='ocr_line' id='line_1_14' title="bbox 565 2365 857 2435; baseline -0.003 -2"><span class='ocrx_word' id='word_1_52' title='bbox 565 2365 703 2435; x_wconf 87' lang='lat' dir='ltr'>Vertioe</span> <span class='ocrx_word' id='word_1_53' title='bbox 724 2366 857 2434; x_wconf 84' lang='lat' dir='ltr'>fumum.</span> 
     </span>
    </p>
   </div>
   <div class='ocr_carea' id='block_1_7' title="bbox 523 2537 1186 2845">
    <p class='ocr_par' dir='ltr' id='par_1_11' title="bbox 523 2537 1186 2845">
     <span class='ocr_line' id='line_1_15' title="bbox 523 2537 1150 2629; baseline -0.002 -22"><span class='ocrx_word' id='word_1_54' title='bbox 523 2537 572 2607; x_wconf 85' lang='lat' dir='ltr'>Vt</span> <span class='ocrx_word' id='word_1_55' title='bbox 591 2545 704 2607; x_wconf 81' lang='lat' dir='ltr'>tamen</span> <span class='ocrx_word' id='word_1_56' title='bbox 726 2539 816 2606; x_wconf 88' lang='lat' dir='ltr'>noris</span> <span class='ocrx_word' id='word_1_57' title='bbox 839 2539 958 2629; x_wconf 86' lang='lat' dir='ltr'>quibus</span> <span class='ocrx_word' id='word_1_58' title='bbox 979 2537 1150 2606; x_wconf 80' lang='lat' dir='ltr'>advoceris</span> 
     </span>
     <span class='ocr_line' id='line_1_16' title="bbox 525 2649 1139 2738; baseline -0.003 -18"><span class='ocrx_word' id='word_1_59' title='bbox 525 2649 675 2732; x_wconf 73' lang='lat' dir='ltr'>Geudiis</span> <span class='ocrx_word' id='word_1_60' title='bbox 696 2650 772 2718; x_wconf 90' lang='lat' dir='ltr'>idus</span> <span class='ocrx_word' id='word_1_61' title='bbox 794 2650 858 2717; x_wconf 88' lang='lat' dir='ltr'>tibi</span> <span class='ocrx_word' id='word_1_62' title='bbox 879 2656 959 2718; x_wconf 90' lang='lat' dir='ltr'>sunt</span> <span class='ocrx_word' id='word_1_63' title='bbox 979 2650 1139 2738; x_wconf 86' lang='lat' dir='ltr'>agendae,</span> 
     </span>
     <span class='ocr_line' id='line_1_17' title="bbox 523 2760 1186 2845; baseline -0.003 -15"><span class='ocrx_word' id='word_1_64' title='bbox 523 2762 589 2845; x_wconf 77' lang='lat' dir='ltr'>Qui</span> <span class='ocrx_word' id='word_1_65' title='bbox 611 2762 684 2830; x_wconf 88' lang='lat' dir='ltr'>dies</span> <span class='ocrx_word' id='word_1_66' title='bbox 705 2784 851 2830; x_wconf 90' lang='lat' dir='ltr'>mensem</span> <span class='ocrx_word' id='word_1_67' title='bbox 872 2760 1016 2830; x_wconf 86' lang='lat' dir='ltr'>Veneris</span> <span class='ocrx_word' id='word_1_68' title='bbox 1037 2762 1186 2829; x_wconf 86' lang='lat' dir='ltr'>marinae</span> 
     </span>
    </p>
   </div>
   <div class='ocr_carea' id='block_1_8' title="bbox 565 2874 863 2965">
    <p class='ocr_par' dir='ltr' id='par_1_12' title="bbox 565 2874 863 2965">
     <span class='ocr_line' id='line_1_18' title="bbox 565 2874 863 2965; baseline 0.007 -23"><span class='ocrx_word' id='word_1_69' title='bbox 565 2874 682 2943; x_wconf 70' lang='lat' dir='ltr'>mnne</span> <span class='ocrx_word' id='word_1_70' title='bbox 702 2874 863 2965; x_wconf 71' lang='lat' dir='ltr'>Aprilem,</span> 
     </span>
    </p>
   </div>
   <div class='ocr_carea' id='block_1_9' title="bbox 521 3046 1183 3250">
    <p class='ocr_par' dir='ltr' id='par_1_13' title="bbox 521 3046 1183 3250">
     <span class='ocr_line' id='line_1_19' title="bbox 522 3046 1123 3137; baseline 0.002 -23"><span class='ocrx_word' id='word_1_71' title='bbox 522 3048 600 3115; x_wconf 89' lang='lat' dir='ltr'>Iure</span> <span class='ocrx_word' id='word_1_72' title='bbox 619 3047 788 3116; x_wconf 83' lang='lat' dir='ltr'>sollemnis</span> <span class='ocrx_word' id='word_1_73' title='bbox 807 3046 889 3114; x_wconf 87' lang='lat' dir='ltr'>mihi</span> <span class='ocrx_word' id='word_1_74' title='bbox 911 3047 1123 3137; x_wconf 79' lang='lat' dir='ltr'>sanctiorque</span> 
     </span>
     <span class='ocr_line' id='line_1_20' title="bbox 521 3159 1183 3250; baseline -0.002 -23"><span class='ocrx_word' id='word_1_75' title='bbox 521 3160 633 3228; x_wconf 86' lang='lat' dir='ltr'>Paene</span> <span class='ocrx_word' id='word_1_76' title='bbox 655 3160 763 3227; x_wconf 86' lang='lat' dir='ltr'>natali</span> <span class='ocrx_word' id='word_1_77' title='bbox 783 3159 927 3249; x_wconf 87' lang='lat' dir='ltr'>proprio,</span> <span class='ocrx_word' id='word_1_78' title='bbox 950 3159 1038 3250; x_wconf 88' lang='lat' dir='ltr'>quod</span> <span class='ocrx_word' id='word_1_79' title='bbox 1057 3182 1099 3227; x_wconf 81' lang='lat' dir='ltr'>ex</span> <span class='ocrx_word' id='word_1_80' title='bbox 1120 3159 1183 3226; x_wconf 87' lang='lat' dir='ltr'>hae</span> 
     </span>
    </p>
   </div>
   <div class='ocr_carea' id='block_1_10' title="bbox 522 3271 1135 3453">
    <p class='ocr_par' dir='ltr' id='par_1_14' title="bbox 522 3271 1135 3453">
     <span class='ocr_line' id='line_1_21' title="bbox 522 3271 1135 3341; baseline 0.002 -3"><span class='ocrx_word' id='word_1_81' title='bbox 522 3272 612 3341; x_wconf 82' lang='lat' dir='ltr'>Luce</span> <span class='ocrx_word' id='word_1_82' title='bbox 634 3271 813 3341; x_wconf 80' lang='lat' dir='ltr'>Maecenas</span> <span class='ocrx_word' id='word_1_83' title='bbox 835 3294 927 3340; x_wconf 88' lang='lat' dir='ltr'>mens</span> <span class='ocrx_word' id='word_1_84' title='bbox 948 3272 1135 3340; x_wconf 85' lang='lat' dir='ltr'>adfluentes</span> 
     </span>
     <span class='ocr_line' id='line_1_22' title="bbox 566 3384 843 3453; baseline 0 -2"><span class='ocrx_word' id='word_1_85' title='bbox 566 3384 710 3453; x_wconf 84' lang='lat' dir='ltr'>Ordinat</span> <span class='ocrx_word' id='word_1_86' title='bbox 731 3407 843 3453; x_wconf 86' lang='lat' dir='ltr'>anuos.</span> 
     </span>
    </p>
   </div>
   <div class='ocr_carea' id='block_1_11' title="bbox 523 3556 1206 3984">
    <p class='ocr_par' dir='ltr' id='par_1_15' title="bbox 523 3556 1206 3647">
     <span class='ocr_line' id='line_1_23' title="bbox 523 3556 1206 3647; baseline -0.001 -23"><span class='ocrx_word' id='word_1_87' title='bbox 523 3557 713 3647; x_wconf 80' lang='lat' dir='ltr'>Telephum,</span> <span class='ocrx_word' id='word_1_88' title='bbox 732 3579 829 3647; x_wconf 90' lang='lat' dir='ltr'>quem</span> <span class='ocrx_word' id='word_1_89' title='bbox 848 3562 888 3624; x_wconf 86' lang='lat' dir='ltr'>tu</span> <span class='ocrx_word' id='word_1_90' title='bbox 909 3556 1007 3645; x_wconf 88' lang='lat' dir='ltr'>petis,</span> <span class='ocrx_word' id='word_1_91' title='bbox 1030 3556 1206 3646; x_wconf 82' lang='lat' dir='ltr'>occupavit</span> 
     </span>
    </p>

    <p class='ocr_par' dir='ltr' id='par_1_16' title="bbox 523 3669 1129 3758">
     <span class='ocr_line' id='line_1_24' title="bbox 523 3669 1129 3758; baseline -0.002 -22"><span class='ocrx_word' id='word_1_92' title='bbox 523 3669 599 3737; x_wconf 90' lang='lat' dir='ltr'>Non</span> <span class='ocrx_word' id='word_1_93' title='bbox 618 3676 696 3738; x_wconf 89' lang='lat' dir='ltr'>tuae</span> <span class='ocrx_word' id='word_1_94' title='bbox 718 3671 819 3739; x_wconf 84' lang='lat' dir='ltr'>so1tis</span> <span class='ocrx_word' id='word_1_95' title='bbox 841 3669 994 3736; x_wconf 88' lang='lat' dir='ltr'>iuvenem</span> <span class='ocrx_word' id='word_1_96' title='bbox 1016 3669 1129 3758; x_wconf 85' lang='lat' dir='ltr'>puella</span> 
     </span>
    </p>

    <p class='ocr_par' dir='ltr' id='par_1_17' title="bbox 524 3781 1139 3984">
     <span class='ocr_line' id='line_1_25' title="bbox 524 3781 1139 3872; baseline 0.005 -25"><span class='ocrx_word' id='word_1_97' title='bbox 524 3781 628 3850; x_wconf 90' lang='lat' dir='ltr'>Dives</span> <span class='ocrx_word' id='word_1_98' title='bbox 650 3789 686 3850; x_wconf 90' lang='lat' dir='ltr'>et</span> <span class='ocrx_word' id='word_1_99' title='bbox 707 3782 835 3851; x_wconf 78' lang='lat' dir='ltr'>lasciva</span> <span class='ocrx_word' id='word_1_100' title='bbox 854 3787 1015 3872; x_wconf 80' lang='lat' dir='ltr'>tenetque</span> <span class='ocrx_word' id='word_1_101' title='bbox 1038 3787 1139 3868; x_wconf 83' lang='lat' dir='ltr'>grata</span> 
     </span>
     <span class='ocr_line' id='line_1_26' title="bbox 567 3893 911 3984; baseline -0.003 -22"><span class='ocrx_word' id='word_1_102' title='bbox 567 3893 733 3984; x_wconf 80' lang='lat' dir='ltr'>Compedo</span> <span class='ocrx_word' id='word_1_103' title='bbox 754 3894 911 3962; x_wconf 84' lang='lat' dir='ltr'>vinetum</span> 
     </span>
    </p>
   </div>
   <div class='ocr_carea' id='block_1_12' title="bbox 478 4065 1259 4492">
    <p class='ocr_par' dir='ltr' id='par_1_18' title="bbox 478 4065 1178 4150">
     <span class='ocr_line' id='line_1_27' title="bbox 478 4065 1178 4150; baseline 0.003 -17"><span class='ocrx_word' id='word_1_104' title='bbox 478 4148 480 4150; x_wconf 29' lang='grc'><strong>,</strong></span> <span class='ocrx_word' id='word_1_105' title='bbox 522 4065 643 4134; x_wconf 80' lang='lat' dir='ltr'>Terret</span> <span class='ocrx_word' id='word_1_106' title='bbox 665 4067 838 4135; x_wconf 85' lang='lat' dir='ltr'>ambustus</span> <span class='ocrx_word' id='word_1_107' title='bbox 858 4066 1032 4135; x_wconf 76' lang='lat' dir='ltr'>Phaethon</span> <span class='ocrx_word' id='word_1_108' title='bbox 1056 4089 1178 4135; x_wconf 86' lang='lat' dir='ltr'>avaras</span> 
     </span>
    </p>

    <p class='ocr_par' dir='ltr' id='par_1_19' title="bbox 523 4176 1259 4268">
     <span class='ocr_line' id='line_1_28' title="bbox 523 4176 1259 4268; baseline 0.001 -24"><span class='ocrx_word' id='word_1_109' title='bbox 523 4176 615 4267; x_wconf 85' lang='lat' dir='ltr'>Spes,</span> <span class='ocrx_word' id='word_1_110' title='bbox 638 4185 674 4246; x_wconf 92' lang='lat' dir='ltr'>et</span> <span class='ocrx_word' id='word_1_111' title='bbox 694 4179 878 4268; x_wconf 88' lang='lat' dir='ltr'>exemplum</span> <span class='ocrx_word' id='word_1_112' title='bbox 902 4200 1006 4265; x_wconf 83' lang='lat' dir='ltr'>grave</span> <span class='ocrx_word' id='word_1_113' title='bbox 1027 4179 1166 4267; x_wconf 86' lang='lat' dir='ltr'>praebet</span> <span class='ocrx_word' id='word_1_114' title='bbox 1189 4179 1259 4246; x_wconf 88' lang='lat' dir='ltr'>ales</span> 
     </span>
    </p>

    <p class='ocr_par' dir='ltr' id='par_1_20' title="bbox 522 4290 1216 4492">
     <span class='ocr_line' id='line_1_29' title="bbox 522 4290 1216 4381; baseline 0.006 -26"><span class='ocrx_word' id='word_1_115' title='bbox 522 4290 673 4378; x_wconf 87' lang='lat' dir='ltr'>Pegasus</span> <span class='ocrx_word' id='word_1_116' title='bbox 694 4297 863 4358; x_wconf 89' lang='lat' dir='ltr'>terrenum</span> <span class='ocrx_word' id='word_1_117' title='bbox 887 4291 1033 4381; x_wconf 80' lang='lat' dir='ltr'>equitem</span> <span class='ocrx_word' id='word_1_118' title='bbox 1055 4296 1216 4378; x_wconf 82' lang='lat' dir='ltr'>gravatus</span> 
     </span>
     <span class='ocr_line' id='line_1_30' title="bbox 565 4401 856 4492; baseline 0.007 -23"><span class='ocrx_word' id='word_1_119' title='bbox 565 4401 856 4492; x_wconf 78' lang='lat' dir='ltr'>Bellerophonten</span> 
     </span>
    </p>
   </div>
   <div class='ocr_carea' id='block_1_13' title="bbox 522 4574 1347 4995">
    <p class='ocr_par' dir='ltr' id='par_1_21' title="bbox 522 4574 1347 4667">
     <span class='ocr_line' id='line_1_31' title="bbox 522 4574 1347 4667; baseline 0.001 -24"><span class='ocrx_word' id='word_1_120' title='bbox 522 4574 660 4667; x_wconf 83' lang='lat' dir='ltr'>Semper</span> <span class='ocrx_word' id='word_1_121' title='bbox 680 4581 720 4643; x_wconf 89' lang='lat' dir='ltr'>ut</span> <span class='ocrx_word' id='word_1_122' title='bbox 741 4581 777 4642; x_wconf 89' lang='lat' dir='ltr'>te</span> <span class='ocrx_word' id='word_1_123' title='bbox 801 4575 903 4663; x_wconf 82' lang='lat' dir='ltr'>digna</span> <span class='ocrx_word' id='word_1_124' title='bbox 925 4589 1065 4665; x_wconf 89' lang='lat' dir='ltr'>sequare</span> <span class='ocrx_word' id='word_1_125' title='bbox 1087 4583 1122 4643; x_wconf 87' lang='lat' dir='ltr'>et</span> <span class='ocrx_word' id='word_1_126' title='bbox 1140 4576 1231 4644; x_wconf 86' lang='lat' dir='ltr'>ultra</span> <span class='ocrx_word' id='word_1_127' title='bbox 1279 4588 1281 4591; x_wconf 78' lang='grc'>’</span> <span class='ocrx_word' id='word_1_128' title='bbox 1345 4577 1347 4582; x_wconf 82' lang='grc'><strong>’</strong></span> 
     </span>
    </p>

    <p class='ocr_par' dir='ltr' id='par_1_22' title="bbox 524 4686 1344 4778">
     <span class='ocr_line' id='line_1_32' title="bbox 524 4686 1344 4778; baseline -0.001 -23"><span class='ocrx_word' id='word_1_129' title='bbox 524 4686 630 4770; x_wconf 80' lang='lat' dir='ltr'>Quam</span> <span class='ocrx_word' id='word_1_130' title='bbox 651 4689 732 4757; x_wconf 87' lang='lat' dir='ltr'>lieet</span> <span class='ocrx_word' id='word_1_131' title='bbox 753 4709 890 4778; x_wconf 86' lang='lat' dir='ltr'>sperare</span> <span class='ocrx_word' id='word_1_132' title='bbox 912 4688 1007 4755; x_wconf 85' lang='lat' dir='ltr'>nefas</span> <span class='ocrx_word' id='word_1_133' title='bbox 1030 4687 1178 4777; x_wconf 87' lang='lat' dir='ltr'>putando</span> <span class='ocrx_word' id='word_1_134' title='bbox 1339 4706 1344 4714; x_wconf 86' lang='lat'><em>·</em></span> 
     </span>
    </p>

    <p class='ocr_par' dir='ltr' id='par_1_23' title="bbox 523 4799 1203 4995">
     <span class='ocr_line' id='line_1_33' title="bbox 523 4799 1203 4889; baseline 0.006 -25"><span class='ocrx_word' id='word_1_135' title='bbox 523 4799 700 4889; x_wconf 87' lang='lat' dir='ltr'>Disparem</span> <span class='ocrx_word' id='word_1_136' title='bbox 721 4802 817 4869; x_wconf 86' lang='lat' dir='ltr'>vites.</span> <span class='ocrx_word' id='word_1_137' title='bbox 860 4799 938 4887; x_wconf 83' lang='lat' dir='ltr'>Age</span> <span class='ocrx_word' id='word_1_138' title='bbox 960 4800 1035 4881; x_wconf 76' lang='lat' dir='ltr'>iam,</span> <span class='ocrx_word' id='word_1_139' title='bbox 1057 4822 1203 4868; x_wconf 89' lang='lat' dir='ltr'>meorum</span> 
     </span>
     <span class='ocr_line' id='line_1_34' title="bbox 565 4911 839 4995; baseline -0.004 -16"><span class='ocrx_word' id='word_1_140' title='bbox 565 4911 660 4979; x_wconf 83' lang='lat' dir='ltr'>Finis</span> <span class='ocrx_word' id='word_1_141' title='bbox 684 4934 839 4995; x_wconf 70' lang='lat' dir='ltr'>amorum,</span> 
     </span>
    </p>
   </div>
   <div class='ocr_carea' id='block_1_14' title="bbox 0 0 1788 5700">
    <p class='ocr_par' dir='ltr' id='par_1_24' title="bbox 0 0 1788 5700">
     <span class='ocr_line' id='line_1_35' title="bbox 0 0 1788 5700; baseline 0 0"><span class='ocrx_word' id='word_1_142' title='bbox 0 0 1788 5700; x_wconf 95' lang='lat' dir='ltr'> </span> 
     </span>
    </p>
   </div>
  </div>
 </body>
</html>
