<?xml version="1.0" encoding="UTF-8"?>
<!DOCTYPE html PUBLIC "-//W3C//DTD XHTML 1.0 Transitional//EN"
    "http://www.w3.org/TR/xhtml1/DTD/xhtml1-transitional.dtd">
<html xmlns="http://www.w3.org/1999/xhtml" xml:lang="en" lang="en">
 <head>
  <title>
</title>
<meta http-equiv="Content-Type" content="text/html;charset=utf-8" />
  <meta name='ocr-system' content='tesseract 3.04.00' />
  <meta name='ocr-capabilities' content='ocr_page ocr_carea ocr_par ocr_line ocrx_word'/>
</head>
<body>
  <div class='ocr_page' id='page_1' title='image "./odenundepoden00mlgoog/odenundepoden00mlgoog_0098.png"; bbox 0 0 3567 5700; ppageno 0'>
   <div class='ocr_carea' id='block_1_1' title="bbox 787 581 1105 642">
    <p class='ocr_par' dir='ltr' id='par_1_1' title="bbox 787 581 1105 642">
     <span class='ocr_line' id='line_1_1' title="bbox 787 581 1105 642; baseline 0 -1"><span class='ocrx_word' id='word_1_1' title='bbox 787 581 991 642; x_wconf 82' lang='lat' dir='ltr'>CARMINVM</span> <span class='ocrx_word' id='word_1_2' title='bbox 1102 582 1105 589; x_wconf 85' lang='lat'>&#39;</span> 
     </span>
    </p>
   </div>
   <div class='ocr_carea' id='block_1_2' title="bbox 477 759 1180 1185">
    <p class='ocr_par' dir='ltr' id='par_1_2' title="bbox 477 759 1180 854">
     <span class='ocr_line' id='line_1_2' title="bbox 477 759 1180 854; baseline -0.003 -22"><span class='ocrx_word' id='word_1_3' title='bbox 477 764 614 854; x_wconf 68' lang='lat' dir='ltr'>*Teque</span> <span class='ocrx_word' id='word_1_4' title='bbox 635 764 711 831; x_wconf 92' lang='lat' dir='ltr'>dum</span> <span class='ocrx_word' id='word_1_5' title='bbox 733 764 892 852; x_wconf 80' lang='lat' dir='ltr'>procedit,</span> <span class='ocrx_word' id='word_1_6' title='bbox 916 760 963 831; x_wconf 81' lang='lat' dir='ltr'>‘io</span> <span class='ocrx_word' id='word_1_7' title='bbox 985 759 1180 853; x_wconf 84' lang='lat' dir='ltr'>triumpbel&#39;</span> 
     </span>
    </p>

    <p class='ocr_par' dir='ltr' id='par_1_3' title="bbox 477 870 1139 964">
     <span class='ocr_line' id='line_1_3' title="bbox 477 870 1139 964; baseline -0.006 -19"><span class='ocrx_word' id='word_1_8' title='bbox 477 876 554 945; x_wconf 90' lang='lat' dir='ltr'>Non</span> <span class='ocrx_word' id='word_1_9' title='bbox 576 876 678 944; x_wconf 87' lang='lat' dir='ltr'>semel</span> <span class='ocrx_word' id='word_1_10' title='bbox 701 875 854 957; x_wconf 77' lang='lat' dir='ltr'><strong>dicemus,</strong></span> <span class='ocrx_word' id='word_1_11' title='bbox 877 872 924 941; x_wconf 80' lang='lat' dir='ltr'>‘io</span> <span class='ocrx_word' id='word_1_12' title='bbox 944 870 1139 964; x_wconf 83' lang='lat' dir='ltr'>triumphel’</span> 
     </span>
    </p>

    <p class='ocr_par' dir='ltr' id='par_1_4' title="bbox 479 986 1085 1185">
     <span class='ocr_line' id='line_1_4' title="bbox 479 986 1085 1076; baseline -0.002 -20"><span class='ocrx_word' id='word_1_13' title='bbox 479 987 609 1057; x_wconf 79' lang='lat' dir='ltr'>civitas</span> <span class='ocrx_word' id='word_1_14' title='bbox 632 988 737 1055; x_wconf 87' lang='lat' dir='ltr'>omnis</span> <span class='ocrx_word' id='word_1_15' title='bbox 759 986 976 1076; x_wconf 80' lang='lat' dir='ltr'>dabimusque</span> <span class='ocrx_word' id='word_1_16' title='bbox 998 987 1085 1055; x_wconf 89' lang='lat' dir='ltr'>divis</span> 
     </span>
     <span class='ocr_line' id='line_1_5' title="bbox 521 1098 793 1185; baseline -0.004 -17"><span class='ocrx_word' id='word_1_17' title='bbox 521 1100 612 1168; x_wconf 79' lang='lat' dir='ltr'>Ture</span> <span class='ocrx_word' id='word_1_18' title='bbox 631 1098 793 1185; x_wconf 82' lang='lat' dir='ltr'>benignis</span> 
     </span>
    </p>
   </div>
   <div class='ocr_carea' id='block_1_3' title="bbox 478 1262 1151 1455">
    <p class='ocr_par' dir='ltr' id='par_1_5' title="bbox 478 1262 1151 1455">
     <span class='ocr_line' id='line_1_6' title="bbox 478 1262 1151 1353; baseline 0 -23"><span class='ocrx_word' id='word_1_19' title='bbox 478 1263 526 1332; x_wconf 77' lang='lat' dir='ltr'>Te</span> <span class='ocrx_word' id='word_1_20' title='bbox 549 1263 661 1331; x_wconf 87' lang='lat' dir='ltr'>deeem</span> <span class='ocrx_word' id='word_1_21' title='bbox 681 1263 773 1330; x_wconf 83' lang='lat' dir='ltr'>tauri</span> <span class='ocrx_word' id='word_1_22' title='bbox 794 1262 1001 1353; x_wconf 82' lang='lat' dir='ltr'>totidemque</span> <span class='ocrx_word' id='word_1_23' title='bbox 1022 1285 1151 1346; x_wconf 75' lang='lat' dir='ltr'>vescae,</span> 
     </span>
     <span class='ocr_line' id='line_1_7' title="bbox 478 1374 1077 1455; baseline -0.002 -12"><span class='ocrx_word' id='word_1_24' title='bbox 478 1376 533 1443; x_wconf 84' lang='lat' dir='ltr'>Me</span> <span class='ocrx_word' id='word_1_25' title='bbox 553 1381 649 1442; x_wconf 85' lang='lat' dir='ltr'>tener</span> <span class='ocrx_word' id='word_1_26' title='bbox 670 1374 779 1443; x_wconf 85' lang='lat' dir='ltr'>solvet</span> <span class='ocrx_word' id='word_1_27' title='bbox 799 1374 936 1455; x_wconf 85' lang='lat' dir='ltr'>vitulus,</span> <span class='ocrx_word' id='word_1_28' title='bbox 957 1374 1077 1442; x_wconf 80' lang='lat' dir='ltr'>relicte</span> 
     </span>
    </p>
   </div>
   <div class='ocr_carea' id='block_1_4' title="bbox 479 1486 1137 1679">
    <p class='ocr_par' dir='ltr' id='par_1_6' title="bbox 479 1486 1137 1679">
     <span class='ocr_line' id='line_1_8' title="bbox 479 1486 1137 1577; baseline 0 -23"><span class='ocrx_word' id='word_1_29' title='bbox 479 1489 590 1555; x_wconf 82' lang='lat' dir='ltr'>Matre</span> <span class='ocrx_word' id='word_1_30' title='bbox 613 1487 670 1577; x_wconf 91' lang='lat' dir='ltr'>qui</span> <span class='ocrx_word' id='word_1_31' title='bbox 690 1486 795 1573; x_wconf 84' lang='lat' dir='ltr'>lurgis</span> <span class='ocrx_word' id='word_1_32' title='bbox 817 1486 1004 1555; x_wconf 82' lang='lat' dir='ltr'>iuvenescit</span> <span class='ocrx_word' id='word_1_33' title='bbox 1024 1486 1137 1554; x_wconf 84' lang='lat' dir='ltr'>herbis</span> 
     </span>
     <span class='ocr_line' id='line_1_9' title="bbox 520 1599 766 1679; baseline -0.012 -12"><span class='ocrx_word' id='word_1_34' title='bbox 520 1599 562 1667; x_wconf 91' lang='lat' dir='ltr'>In</span> <span class='ocrx_word' id='word_1_35' title='bbox 583 1621 657 1666; x_wconf 84' lang='lat' dir='ltr'>mes</span> <span class='ocrx_word' id='word_1_36' title='bbox 677 1603 766 1679; x_wconf 79' lang='lat' dir='ltr'>vote,</span> 
     </span>
    </p>
   </div>
   <div class='ocr_carea' id='block_1_5' title="bbox 479 1762 1093 2167">
    <p class='ocr_par' dir='ltr' id='par_1_7' title="bbox 479 1762 1076 1850">
     <span class='ocr_line' id='line_1_10' title="bbox 479 1762 1076 1850; baseline 0.002 -20"><span class='ocrx_word' id='word_1_37' title='bbox 479 1763 604 1830; x_wconf 79' lang='lat' dir='ltr'>Fronte</span> <span class='ocrx_word' id='word_1_38' title='bbox 628 1766 784 1831; x_wconf 68' lang='lat' dir='ltr'>curvatos</span> <span class='ocrx_word' id='word_1_39' title='bbox 806 1762 959 1830; x_wconf 83' lang='lat' dir='ltr'>imitatus</span> <span class='ocrx_word' id='word_1_40' title='bbox 981 1763 1076 1850; x_wconf 76' lang='lat' dir='ltr'>ignes</span> 
     </span>
    </p>

    <p class='ocr_par' dir='ltr' id='par_1_8' title="bbox 479 1874 1092 1955">
     <span class='ocr_line' id='line_1_11' title="bbox 479 1874 1092 1955; baseline 0 -13"><span class='ocrx_word' id='word_1_41' title='bbox 479 1875 630 1943; x_wconf 78' lang='lat' dir='ltr'>Tertium</span> <span class='ocrx_word' id='word_1_42' title='bbox 650 1875 750 1941; x_wconf 81' lang='lat' dir='ltr'>lunae</span> <span class='ocrx_word' id='word_1_43' title='bbox 773 1874 953 1942; x_wconf 86' lang='lat' dir='ltr'>referentis</span> <span class='ocrx_word' id='word_1_44' title='bbox 975 1880 1092 1955; x_wconf 91' lang='lat' dir='ltr'>ortum,</span> 
     </span>
    </p>

    <p class='ocr_par' dir='ltr' id='par_1_9' title="bbox 481 1984 1093 2167">
     <span class='ocr_line' id='line_1_12' title="bbox 481 1984 1093 2069; baseline 0 -15"><span class='ocrx_word' id='word_1_45' title='bbox 481 1985 556 2069; x_wconf 79' lang='lat' dir='ltr'>Qus</span> <span class='ocrx_word' id='word_1_46' title='bbox 577 1992 691 2054; x_wconf 85' lang='lat' dir='ltr'>notem</span> <span class='ocrx_word' id='word_1_47' title='bbox 713 1984 818 2068; x_wconf 83' lang='lat' dir='ltr'>duxit,</span> <span class='ocrx_word' id='word_1_48' title='bbox 838 1986 956 2054; x_wconf 87' lang='lat' dir='ltr'>niveus</span> <span class='ocrx_word' id='word_1_49' title='bbox 977 1986 1093 2067; x_wconf 86' lang='lat' dir='ltr'>videri,</span> 
     </span>
     <span class='ocr_line' id='line_1_13' title="bbox 524 2097 789 2167; baseline -0.011 0"><span class='ocrx_word' id='word_1_50' title='bbox 524 2097 646 2167; x_wconf 79' lang='lat' dir='ltr'>Cetera</span> <span class='ocrx_word' id='word_1_51' title='bbox 667 2097 789 2165; x_wconf 88' lang='lat' dir='ltr'>fulvus.</span> 
     </span>
    </p>
   </div>
   <div class='ocr_carea' id='block_1_6' title="bbox 858 2460 928 2535">
    <p class='ocr_par' dir='ltr' id='par_1_10' title="bbox 858 2460 928 2535">
     <span class='ocr_line' id='line_1_14' title="bbox 858 2460 928 2535; baseline 0 -1"><span class='ocrx_word' id='word_1_52' title='bbox 858 2460 928 2535; x_wconf 90' lang='lat' dir='ltr'><strong>III.</strong></span> 
     </span>
    </p>
   </div>
   <div class='ocr_carea' id='block_1_7' title="bbox 483 2613 1179 2815">
    <p class='ocr_par' dir='ltr' id='par_1_11' title="bbox 483 2613 1179 2815">
     <span class='ocr_line' id='line_1_15' title="bbox 483 2613 1016 2703; baseline -0.002 -21"><span class='ocrx_word' id='word_1_53' title='bbox 483 2614 589 2698; x_wconf 80' lang='lat' dir='ltr'>Quem</span> <span class='ocrx_word' id='word_1_54' title='bbox 609 2620 655 2695; x_wconf 87' lang='lat' dir='ltr'>tn,</span> <span class='ocrx_word' id='word_1_55' title='bbox 677 2613 892 2703; x_wconf 83' lang='lat' dir='ltr'>Melpomene,</span> <span class='ocrx_word' id='word_1_56' title='bbox 914 2616 1016 2683; x_wconf 91' lang='lat' dir='ltr'>semel</span> 
     </span>
     <span class='ocr_line' id='line_1_16' title="bbox 525 2726 1179 2815; baseline 0.002 -21"><span class='ocrx_word' id='word_1_57' title='bbox 525 2726 726 2795; x_wconf 84' lang='lat' dir='ltr'>Nesoentem</span> <span class='ocrx_word' id='word_1_58' title='bbox 748 2726 878 2815; x_wconf 83' lang='lat' dir='ltr'>placido</span> <span class='ocrx_word' id='word_1_59' title='bbox 900 2726 1024 2794; x_wconf 93' lang='lat' dir='ltr'>lumine</span> <span class='ocrx_word' id='word_1_60' title='bbox 1044 2727 1179 2809; x_wconf 90' lang='lat' dir='ltr'>videris,</span> 
     </span>
    </p>
   </div>
   <div class='ocr_carea' id='block_1_8' title="bbox 482 2839 1219 3041">
    <p class='ocr_par' dir='ltr' id='par_1_12' title="bbox 482 2839 1219 3041">
     <span class='ocr_line' id='line_1_17' title="bbox 482 2839 964 2908; baseline -0.002 0"><span class='ocrx_word' id='word_1_61' title='bbox 482 2840 580 2908; x_wconf 85' lang='lat' dir='ltr'>lllum</span> <span class='ocrx_word' id='word_1_62' title='bbox 601 2863 666 2908; x_wconf 92' lang='lat' dir='ltr'>non</span> <span class='ocrx_word' id='word_1_63' title='bbox 688 2839 783 2908; x_wconf 85' lang='lat' dir='ltr'>labor</span> <span class='ocrx_word' id='word_1_64' title='bbox 803 2839 964 2907; x_wconf 75' lang='lat' dir='ltr'>Isthmius</span> 
     </span>
     <span class='ocr_line' id='line_1_18' title="bbox 526 2951 1219 3041; baseline -0.004 -21"><span class='ocrx_word' id='word_1_65' title='bbox 526 2951 677 3020; x_wconf 83' lang='lat' dir='ltr'>Clsrebit</span> <span class='ocrx_word' id='word_1_66' title='bbox 697 2952 853 3041; x_wconf 85' lang='lat' dir='ltr'>pugilem,</span> <span class='ocrx_word' id='word_1_67' title='bbox 874 2975 940 3019; x_wconf 96' lang='lat' dir='ltr'>non</span> <span class='ocrx_word' id='word_1_68' title='bbox 963 2973 1066 3041; x_wconf 90' lang='lat' dir='ltr'>equus</span> <span class='ocrx_word' id='word_1_69' title='bbox 1087 2951 1219 3041; x_wconf 81' lang='lat' dir='ltr'>inpiger</span> 
     </span>
    </p>
   </div>
   <div class='ocr_carea' id='block_1_9' title="bbox 484 3103 1175 3309">
    <p class='ocr_par' dir='ltr' id='par_1_13' title="bbox 484 3103 1175 3309">
     <span class='ocr_line' id='line_1_19' title="bbox 484 3103 879 3175; baseline -0.003 0"><span class='ocrx_word' id='word_1_70' title='bbox 484 3106 591 3175; x_wconf 85' lang='lat' dir='ltr'>Cunu</span> <span class='ocrx_word' id='word_1_71' title='bbox 613 3106 712 3175; x_wconf 86' lang='lat' dir='ltr'>duoet</span> <span class='ocrx_word' id='word_1_72' title='bbox 733 3103 879 3175; x_wconf 81' lang='lat' dir='ltr'>Achaico</span> 
     </span>
     <span class='ocr_line' id='line_1_20' title="bbox 525 3217 1175 3309; baseline -0.005 -21"><span class='ocrx_word' id='word_1_73' title='bbox 525 3219 704 3301; x_wconf 79' lang='lat' dir='ltr'>Victorem,</span> <span class='ocrx_word' id='word_1_74' title='bbox 726 3240 830 3309; x_wconf 86' lang='lat' dir='ltr'>neque</span> <span class='ocrx_word' id='word_1_75' title='bbox 851 3240 907 3285; x_wconf 90' lang='lat' dir='ltr'>res</span> <span class='ocrx_word' id='word_1_76' title='bbox 928 3217 1048 3285; x_wconf 84' lang='lat' dir='ltr'>bellios</span> <span class='ocrx_word' id='word_1_77' title='bbox 1067 3217 1175 3286; x_wconf 90' lang='lat' dir='ltr'>Deliis</span> 
     </span>
    </p>
   </div>
   <div class='ocr_carea' id='block_1_10' title="bbox 484 3330 1277 3531">
    <p class='ocr_par' dir='ltr' id='par_1_14' title="bbox 484 3330 1277 3531">
     <span class='ocr_line' id='line_1_21' title="bbox 484 3330 903 3411; baseline -0.007 -11"><span class='ocrx_word' id='word_1_78' title='bbox 484 3331 645 3400; x_wconf 84' lang='lat' dir='ltr'>Ornetum</span> <span class='ocrx_word' id='word_1_79' title='bbox 667 3330 756 3399; x_wconf 86' lang='lat' dir='ltr'>foliis</span> <span class='ocrx_word' id='word_1_80' title='bbox 779 3330 903 3411; x_wconf 84' lang='lat' dir='ltr'>ducem,</span> 
     </span>
     <span class='ocr_line' id='line_1_22' title="bbox 528 3441 1277 3531; baseline -0.003 -20"><span class='ocrx_word' id='word_1_81' title='bbox 528 3442 623 3526; x_wconf 79' lang='lat' dir='ltr'>Quod</span> <span class='ocrx_word' id='word_1_82' title='bbox 644 3466 760 3531; x_wconf 84' lang='lat' dir='ltr'>regum</span> <span class='ocrx_word' id='word_1_83' title='bbox 781 3442 928 3510; x_wconf 82' lang='lat' dir='ltr'>tumidos</span> <span class='ocrx_word' id='word_1_84' title='bbox 951 3441 1141 3510; x_wconf 79' lang='lat' dir='ltr'>contuderit</span> <span class='ocrx_word' id='word_1_85' title='bbox 1159 3441 1277 3523; x_wconf 84' lang='lat' dir='ltr'>mines,</span> 
     </span>
    </p>
   </div>
   <div class='ocr_carea' id='block_1_11' title="bbox 485 3597 1298 3801">
    <p class='ocr_par' dir='ltr' id='par_1_15' title="bbox 485 3597 1298 3801">
     <span class='ocr_line' id='line_1_23' title="bbox 485 3597 851 3687; baseline 0.003 -22"><span class='ocrx_word' id='word_1_86' title='bbox 485 3598 649 3667; x_wconf 74' lang='lat' dir='ltr'>Ostendet</span> <span class='ocrx_word' id='word_1_87' title='bbox 671 3597 851 3687; x_wconf 71' lang='lat' dir='ltr'>Capitolio,</span> 
     </span>
     <span class='ocr_line' id='line_1_24' title="bbox 527 3709 1298 3801; baseline -0.001 -23"><span class='ocrx_word' id='word_1_88' title='bbox 527 3709 594 3778; x_wconf 89' lang='lat' dir='ltr'>Sed</span> <span class='ocrx_word' id='word_1_89' title='bbox 615 3732 700 3801; x_wconf 84' lang='lat' dir='ltr'>quse</span> <span class='ocrx_word' id='word_1_90' title='bbox 722 3710 826 3777; x_wconf 85' lang='lat' dir='ltr'>Tibur</span> <span class='ocrx_word' id='word_1_91' title='bbox 846 3732 952 3800; x_wconf 81' lang='lat' dir='ltr'>eques</span> <span class='ocrx_word' id='word_1_92' title='bbox 973 3710 1086 3777; x_wconf 85' lang='lat' dir='ltr'>fertile</span> <span class='ocrx_word' id='word_1_93' title='bbox 1107 3711 1298 3797; x_wconf 80' lang='lat' dir='ltr'>praefluunt</span> 
     </span>
    </p>
   </div>
   <div class='ocr_carea' id='block_1_12' title="bbox 484 3822 1153 4022">
    <p class='ocr_par' dir='ltr' id='par_1_16' title="bbox 484 3822 1153 4022">
     <span class='ocr_line' id='line_1_25' title="bbox 484 3822 1002 3912; baseline 0 -23"><span class='ocrx_word' id='word_1_94' title='bbox 484 3823 532 3889; x_wconf 84' lang='lat' dir='ltr'>Et</span> <span class='ocrx_word' id='word_1_95' title='bbox 551 3822 677 3912; x_wconf 81' lang='lat' dir='ltr'>spissae</span> <span class='ocrx_word' id='word_1_96' title='bbox 699 3844 866 3889; x_wconf 91' lang='lat' dir='ltr'>nemorum</span> <span class='ocrx_word' id='word_1_97' title='bbox 890 3842 1002 3889; x_wconf 84' lang='lat' dir='ltr'>eomes</span> 
     </span>
     <span class='ocr_line' id='line_1_26' title="bbox 528 3933 1153 4022; baseline -0.005 -19"><span class='ocrx_word' id='word_1_98' title='bbox 528 3934 674 4022; x_wconf 85' lang='lat' dir='ltr'>Fingent</span> <span class='ocrx_word' id='word_1_99' title='bbox 694 3933 813 4001; x_wconf 88' lang='lat' dir='ltr'>Aeolio</span> <span class='ocrx_word' id='word_1_100' title='bbox 836 3934 981 4002; x_wconf 80' lang='lat' dir='ltr'>carmine</span> <span class='ocrx_word' id='word_1_101' title='bbox 1002 3933 1153 4001; x_wconf 88' lang='lat' dir='ltr'>nobilem.</span> 
     </span>
    </p>
   </div>
   <div class='ocr_carea' id='block_1_13' title="bbox 486 4088 1230 4492">
    <p class='ocr_par' dir='ltr' id='par_1_17' title="bbox 486 4088 945 4178">
     <span class='ocr_line' id='line_1_27' title="bbox 486 4088 945 4178; baseline -0.004 -21"><span class='ocrx_word' id='word_1_102' title='bbox 486 4090 610 4158; x_wconf 80' lang='lat' dir='ltr'>Romae</span> <span class='ocrx_word' id='word_1_103' title='bbox 633 4089 792 4178; x_wconf 84' lang='lat' dir='ltr'>prinoipis</span> <span class='ocrx_word' id='word_1_104' title='bbox 814 4088 945 4155; x_wconf 88' lang='lat' dir='ltr'>urbium</span> 
     </span>
    </p>

    <p class='ocr_par' dir='ltr' id='par_1_18' title="bbox 488 4200 1143 4403">
     <span class='ocr_line' id='line_1_28' title="bbox 529 4200 1143 4288; baseline -0.002 -19"><span class='ocrx_word' id='word_1_105' title='bbox 529 4203 699 4288; x_wconf 81' lang='lat' dir='ltr'>Dignatur</span> <span class='ocrx_word' id='word_1_106' title='bbox 720 4201 851 4268; x_wconf 88' lang='lat' dir='ltr'>suboles</span> <span class='ocrx_word' id='word_1_107' title='bbox 873 4200 963 4267; x_wconf 85' lang='lat' dir='ltr'>inter</span> <span class='ocrx_word' id='word_1_108' title='bbox 984 4200 1143 4268; x_wconf 77' lang='lat' dir='ltr'>amabiles</span> 
     </span>
     <span class='ocr_line' id='line_1_29' title="bbox 488 4312 978 4403; baseline -0.004 -21"><span class='ocrx_word' id='word_1_109' title='bbox 488 4314 614 4382; x_wconf 84' lang='lat' dir='ltr'>Vatum</span> <span class='ocrx_word' id='word_1_110' title='bbox 634 4334 756 4403; x_wconf 85' lang='lat' dir='ltr'>ponere</span> <span class='ocrx_word' id='word_1_111' title='bbox 778 4334 830 4379; x_wconf 90' lang='lat' dir='ltr'>me</span> <span class='ocrx_word' id='word_1_112' title='bbox 853 4312 978 4394; x_wconf 81' lang='lat' dir='ltr'>choros,</span> 
     </span>
    </p>

    <p class='ocr_par' dir='ltr' id='par_1_19' title="bbox 528 4421 1230 4492">
     <span class='ocr_line' id='line_1_30' title="bbox 528 4421 1230 4492; baseline 0 -2"><span class='ocrx_word' id='word_1_113' title='bbox 528 4424 575 4491; x_wconf 87' lang='lat' dir='ltr'>Et</span> <span class='ocrx_word' id='word_1_114' title='bbox 595 4424 661 4492; x_wconf 85' lang='lat' dir='ltr'>ism</span> <span class='ocrx_word' id='word_1_115' title='bbox 683 4424 782 4490; x_wconf 89' lang='lat' dir='ltr'>dente</span> <span class='ocrx_word' id='word_1_116' title='bbox 803 4424 912 4491; x_wconf 92' lang='lat' dir='ltr'>minus</span> <span class='ocrx_word' id='word_1_117' title='bbox 934 4423 1085 4492; x_wconf 85' lang='lat' dir='ltr'>mordeor</span> <span class='ocrx_word' id='word_1_118' title='bbox 1107 4421 1230 4491; x_wconf 89' lang='lat' dir='ltr'>invido.</span> 
     </span>
    </p>
   </div>
   <div class='ocr_carea' id='block_1_14' title="bbox 487 4578 1299 5005">
    <p class='ocr_par' dir='ltr' id='par_1_20' title="bbox 487 4578 860 4646">
     <span class='ocr_line' id='line_1_31' title="bbox 487 4578 860 4646; baseline 0 -1"><span class='ocrx_word' id='word_1_119' title='bbox 487 4578 515 4645; x_wconf 93' lang='grc' dir='ltr'><strong>Ο</strong></span> <span class='ocrx_word' id='word_1_120' title='bbox 537 4578 718 4646; x_wconf 83' lang='lat' dir='ltr'>testudinis</span> <span class='ocrx_word' id='word_1_121' title='bbox 740 4600 860 4645; x_wconf 82' lang='lat' dir='ltr'>aureae</span> 
     </span>
    </p>

    <p class='ocr_par' dir='ltr' id='par_1_21' title="bbox 487 4690 1299 4893">
     <span class='ocr_line' id='line_1_32' title="bbox 530 4690 1299 4781; baseline 0.001 -26"><span class='ocrx_word' id='word_1_122' title='bbox 530 4690 668 4756; x_wconf 87' lang='lat' dir='ltr'>Duloem</span> <span class='ocrx_word' id='word_1_123' title='bbox 690 4713 773 4781; x_wconf 85' lang='lat' dir='ltr'>quae</span> <span class='ocrx_word' id='word_1_124' title='bbox 796 4691 981 4779; x_wconf 86' lang='lat' dir='ltr'>strepitum,</span> <span class='ocrx_word' id='word_1_125' title='bbox 1004 4690 1102 4769; x_wconf 81' lang='lat' dir='ltr'>Pieri,</span> <span class='ocrx_word' id='word_1_126' title='bbox 1125 4696 1299 4778; x_wconf 82' lang='lat' dir='ltr'>temperes,</span> 
     </span>
     <span class='ocr_line' id='line_1_33' title="bbox 487 4801 956 4893; baseline -0.004 -23"><span class='ocrx_word' id='word_1_127' title='bbox 487 4803 515 4870; x_wconf 93' lang='grc' dir='ltr'><strong>Ο</strong></span> <span class='ocrx_word' id='word_1_128' title='bbox 537 4801 639 4869; x_wconf 89' lang='lat' dir='ltr'>mutis</span> <span class='ocrx_word' id='word_1_129' title='bbox 661 4825 787 4893; x_wconf 89' lang='lat' dir='ltr'>quoque</span> <span class='ocrx_word' id='word_1_130' title='bbox 810 4802 956 4892; x_wconf 82' lang='lat' dir='ltr'>piscibus</span> 
     </span>
    </p>

    <p class='ocr_par' dir='ltr' id='par_1_22' title="bbox 528 4913 1155 5005">
     <span class='ocr_line' id='line_1_34' title="bbox 528 4913 1155 5005; baseline -0.008 -21"><span class='ocrx_word' id='word_1_131' title='bbox 528 4914 702 4984; x_wconf 85' lang='lat' dir='ltr'>Doneture</span> <span class='ocrx_word' id='word_1_132' title='bbox 723 4915 827 5005; x_wconf 85' lang='lat' dir='ltr'>oyoni,</span> <span class='ocrx_word' id='word_1_133' title='bbox 849 4915 878 4982; x_wconf 91' lang='lat' dir='ltr'>si</span> <span class='ocrx_word' id='word_1_134' title='bbox 899 4913 1013 4994; x_wconf 77' lang='lat' dir='ltr'>libeat,</span> <span class='ocrx_word' id='word_1_135' title='bbox 1033 4936 1155 4993; x_wconf 84' lang='lat' dir='ltr'>sonum,</span> 
     </span>
    </p>
   </div>
   <div class='ocr_carea' id='block_1_15' title="bbox 0 0 1801 5700">
    <p class='ocr_par' dir='ltr' id='par_1_23' title="bbox 0 0 1801 5700">
     <span class='ocr_line' id='line_1_35' title="bbox 0 0 1801 5700; baseline 0 0"><span class='ocrx_word' id='word_1_136' title='bbox 0 0 1801 5700; x_wconf 95' lang='lat' dir='ltr'> </span> 
     </span>
    </p>
   </div>
  </div>
 </body>
</html>
