3567 5700
790 900 873 976 XV.

392 1056 468 1124 Nox
490 1061 564 1123 erat
585 1061 620 1123 et
641 1055 733 1122 eaelo
754 1054 907 1140 fulgebat
928 1053 1024 1120 Luna
1045 1076 1161 1120 sereno

435 1168 530 1234 Inter
551 1167 679 1234 minora
700 1165 819 1246 sidera,

393 1277 476 1346 Cum
496 1286 544 1360 tn,
564 1301 757 1366 magnorum
780 1299 899 1345 numen
921 1278 1055 1344 laesura
1076 1277 1220 1359 deorum,

435 1391 476 1456 In
497 1391 601 1458 verba
622 1390 756 1457 iurabas
778 1410 859 1471 mea,

393 1502 512 1570 Artius
533 1508 635 1593 atque
656 1501 781 1569 hedera
802 1524 941 1590 precere
962 1500 1185 1587 adstringitur
1206 1501 1273 1569 ilex

436 1614 555 1681 Lentis
578 1613 764 1682 adhaerens
785 1613 958 1696 bracchiis

395 1726 498 1793 †Dum
519 1725 632 1814 pecori
653 1725 751 1814 lupus
773 1725 940 1793 eluentis
962 1725 1103 1793 infestus
1123 1724 1233 1805 Orion,

435 1836 601 1905 'l'urbaret
621 1838 795 1905 hibernum
817 1859 918 1918 mare,

394 1949 612 2039 Intonsosque
634 1950 782 2037 agitaret
803 1948 971 2038 Apollinis
993 1970 1076 2015 aura
1098 1948 1243 2036 capillos,

436 2060 523 2128 Fore
543 2061 630 2128 hunc
650 2082 794 2129 amorem
816 2066 972 2128 mutuum

394 2172 423 2239 Ο
445 2172 591 2240 dolitrma
611 2194 686 2240 mea
706 2173 845 2240 multum
866 2172 994 2240 virtute
1016 2172 1164 2240 Neaera!

436 2284 522 2353 Nam
544 2284 655 2375 siquid
676 2284 711 2350 in
730 2284 849 2352 Flacco
868 2283 978 2365 viriet,

393 2397 470 2464 Non
491 2397 579 2464 ferat
600 2395 758 2464 adsiduas
780 2395 905 2484 potiori
926 2401 962 2463 te
983 2395 1063 2462 dare
1082 2400 1198 2462 noctes

436 2508 483 2576 at
502 2513 642 2598 quaeret
662 2508 770 2575 iratrrs
788 2530 915 2596 parem5

394 2621 465 2689 Nec
486 2620 589 2688 semel
608 2619 727 2688 offensi
745 2619 842 2687 cedet
864 2618 1052 2688 constantia
1072 2619 1207 2700 formae,

437 2733 473 2800 Si
496 2739 607 2800 cerbus
627 2732 764 2800 intrarit
786 2732 887 2799 dolor.

395 2845 442 2913 at
462 2853 509 2927 tu,
531 2844 753 2935 quicumque’s
775 2843 904 2912 felicior
926 2849 1027 2934 abque
1048 2867 1121 2912 meo
1143 2869 1229 2912 nunc

437 2956 607 3046 Superbus
629 2957 757 3025 incedis
778 2957 873 3037 malo,

395 3069 449 3137 Sis
470 3091 589 3159 pecore
611 3075 647 3137 el
668 3068 774 3137 multa
795 3068 890 3135 dives
912 3067 1033 3134 tellure
1055 3067 1179 3149 licebit,

436 3181 576 3272 'sibique
598 3180 753 3249 Pactolus
775 3181 867 3262 fluat,

396 3293 466 3361 Nec
486 3300 522 3361 te
542 3293 757 3384 Pythagorae
779 3292 900 3360 fallant
919 3313 1044 3359 arcana
1063 3292 1183 3372 renati,

438 3404 623 3496 Formaque
645 3406 759 3473 vincas
779 3404 890 3486 Nirea,

396 3516 499 3600 Eheu,
519 3518 703 3585 translatos
724 3516 789 3584 alio
811 3515 974 3583 maerebis
997 3537 1134 3583 amores.

439 3629 505 3698 Ast
526 3653 587 3717 ego
609 3628 755 3697 vicissim
778 3627 891 3696 risero.

728 3843 933 3856 —u—

398 4155 520 4222 Allera
540 4155 606 4222 iam
628 4154 753 4221 teritur
774 4153 872 4221 bellis
894 4152 1049 4220 civilibus
1068 4160 1173 4234 aetas,

440 4266 514 4334 Suis
537 4272 572 4334 eb
594 4268 668 4355 ipsa
689 4265 797 4333 Roma
818 4265 945 4332 viribus
965 4265 1043 4331 ruia

397 4379 502 4462 Quam
522 4400 628 4469 neque
649 4378 782 4446 finitimi
802 4378 981 4445 valuerunt
1002 4378 1142 4466 perdere
1164 4377 1276 4459 Marsi

438 4491 578 4558 Miuacis
599 4496 659 4558 aul
679 4491 825 4559 Etrusca
843 4489 1010 4557 Porsenae
1031 4513 1157 4570 manus,

398 4602 539 4670 Aemula
559 4624 621 4670 nec
641 4603 750 4671 virtus
771 4601 906 4691 Capuae
928 4623 989 4668 neo
1010 4599 1193 4689 Spartacus
1219 4624 1296 4668 acer

440 4714 610 4804 Novisque
632 4714 732 4782 rebus
752 4714 897 4781 infidelis
917 4712 1089 4794 Allobrox,

398 4826 469 4894 Neo
487 4827 560 4895 fera
580 4826 735 4894 caerulea
756 4826 882 4893 domuit
904 4824 1086 4893 Germania
1107 4826 1192 4914 pube

443 4939 706 5029 Parentibusque
727 4938 936 5006 abominatus
957 4937 1141 5005 Hannibal:
