<?xml version="1.0" encoding="UTF-8"?>
<!DOCTYPE html PUBLIC "-//W3C//DTD XHTML 1.0 Transitional//EN"
    "http://www.w3.org/TR/xhtml1/DTD/xhtml1-transitional.dtd">
<html xmlns="http://www.w3.org/1999/xhtml" xml:lang="en" lang="en">
 <head>
  <title>
</title>
<meta http-equiv="Content-Type" content="text/html;charset=utf-8" />
  <meta name='ocr-system' content='tesseract 3.04.00' />
  <meta name='ocr-capabilities' content='ocr_page ocr_carea ocr_par ocr_line ocrx_word'/>
</head>
<body>
  <div class='ocr_page' id='page_1' title='image "./odenundepoden00mlgoog/odenundepoden00mlgoog_0060.png"; bbox 0 0 3567 5700; ppageno 0'>
   <div class='ocr_carea' id='block_1_1' title="bbox 795 580 1000 641">
    <p class='ocr_par' dir='ltr' id='par_1_1' title="bbox 795 580 1000 641">
     <span class='ocr_line' id='line_1_1' title="bbox 795 580 1000 641; baseline 0.005 -1"><span class='ocrx_word' id='word_1_1' title='bbox 795 580 1000 641; x_wconf 80' lang='lat' dir='ltr'>CARMINVM</span> 
     </span>
    </p>
   </div>
   <div class='ocr_carea' id='block_1_2' title="bbox 526 764 1262 965">
    <p class='ocr_par' dir='ltr' id='par_1_2' title="bbox 526 764 1262 965">
     <span class='ocr_line' id='line_1_2' title="bbox 526 764 879 852; baseline 0.003 -22"><span class='ocrx_word' id='word_1_2' title='bbox 526 764 673 852; x_wconf 79' lang='lat' dir='ltr'>Pauperi</span> <span class='ocrx_word' id='word_1_3' title='bbox 694 764 879 831; x_wconf 79' lang='lat' dir='ltr'>recluditur</span> 
     </span>
     <span class='ocr_line' id='line_1_3' title="bbox 568 874 1262 965; baseline -0.001 -23"><span class='ocrx_word' id='word_1_4' title='bbox 568 875 763 965; x_wconf 83' lang='lat' dir='ltr'>Regumque</span> <span class='ocrx_word' id='word_1_5' title='bbox 784 875 924 964; x_wconf 84' lang='lat' dir='ltr'>†pueris,</span> <span class='ocrx_word' id='word_1_6' title='bbox 945 897 1005 942; x_wconf 87' lang='lat' dir='ltr'>nee</span> <span class='ocrx_word' id='word_1_7' title='bbox 1026 874 1162 942; x_wconf 76' lang='lat' dir='ltr'>satelles</span> <span class='ocrx_word' id='word_1_8' title='bbox 1184 874 1262 942; x_wconf 88' lang='lat' dir='ltr'>Orci</span> 
     </span>
    </p>
   </div>
   <div class='ocr_carea' id='block_1_3' title="bbox 525 986 1276 1187">
    <p class='ocr_par' dir='ltr' id='par_1_3' title="bbox 525 986 1276 1187">
     <span class='ocr_line' id='line_1_4' title="bbox 525 986 912 1054; baseline 0 -1"><span class='ocrx_word' id='word_1_9' title='bbox 525 987 690 1054; x_wconf 83' lang='lat' dir='ltr'>Callidum</span> <span class='ocrx_word' id='word_1_10' title='bbox 712 986 912 1054; x_wconf 87' lang='lat' dir='ltr'>Promethea</span> 
     </span>
     <span class='ocr_line' id='line_1_5' title="bbox 568 1098 1276 1187; baseline -0.004 -21"><span class='ocrx_word' id='word_1_11' title='bbox 568 1099 715 1166; x_wconf 82' lang='lat' dir='ltr'>Revexit</span> <span class='ocrx_word' id='word_1_12' title='bbox 737 1122 819 1166; x_wconf 89' lang='lat' dir='ltr'>auro</span> <span class='ocrx_word' id='word_1_13' title='bbox 842 1105 968 1187; x_wconf 90' lang='lat' dir='ltr'>captus.</span> <span class='ocrx_word' id='word_1_14' title='bbox 1012 1098 1076 1165; x_wconf 87' lang='lat' dir='ltr'>Hic</span> <span class='ocrx_word' id='word_1_15' title='bbox 1098 1098 1276 1186; x_wconf 90' lang='lat' dir='ltr'>superbum</span> 
     </span>
    </p>
   </div>
   <div class='ocr_carea' id='block_1_4' title="bbox 525 1253 1252 1446">
    <p class='ocr_par' dir='ltr' id='par_1_4' title="bbox 525 1253 1252 1446">
     <span class='ocr_line' id='line_1_6' title="bbox 525 1253 987 1343; baseline -0.002 -23"><span class='ocrx_word' id='word_1_16' title='bbox 525 1254 704 1322; x_wconf 73' lang='lat' dir='ltr'>Tantalum</span> <span class='ocrx_word' id='word_1_17' title='bbox 727 1262 829 1343; x_wconf 89' lang='lat' dir='ltr'>atque</span> <span class='ocrx_word' id='word_1_18' title='bbox 851 1253 987 1320; x_wconf 80' lang='lat' dir='ltr'>Tantali</span> 
     </span>
     <span class='ocr_line' id='line_1_7' title="bbox 570 1364 1252 1446; baseline 0.001 -14"><span class='ocrx_word' id='word_1_19' title='bbox 570 1364 683 1434; x_wconf 86' lang='lat' dir='ltr'>Genus</span> <span class='ocrx_word' id='word_1_20' title='bbox 705 1367 868 1446; x_wconf 74' lang='lat' dir='ltr'>cohercet</span> <span class='ocrx_word' id='word_1_21' title='bbox 890 1365 944 1431; x_wconf 89' lang='lat' dir='ltr'>hic</span> <span class='ocrx_word' id='word_1_22' title='bbox 966 1364 1080 1430; x_wconf 88' lang='lat' dir='ltr'>levare</span> <span class='ocrx_word' id='word_1_23' title='bbox 1103 1366 1252 1433; x_wconf 78' lang='lat' dir='ltr'>unctum</span> 
     </span>
    </p>
   </div>
   <div class='ocr_carea' id='block_1_5' title="bbox 524 1476 1207 1678">
    <p class='ocr_par' dir='ltr' id='par_1_5' title="bbox 524 1476 1207 1678">
     <span class='ocr_line' id='line_1_8' title="bbox 524 1476 902 1566; baseline 0 -23"><span class='ocrx_word' id='word_1_24' title='bbox 524 1476 711 1566; x_wconf 86' lang='lat' dir='ltr'>Paupercm</span> <span class='ocrx_word' id='word_1_25' title='bbox 734 1477 902 1544; x_wconf 86' lang='lat' dir='ltr'>laboribus</span> 
     </span>
     <span class='ocr_line' id='line_1_9' title="bbox 566 1588 1207 1678; baseline 0 -23"><span class='ocrx_word' id='word_1_26' title='bbox 566 1588 714 1657; x_wconf 85' lang='lat' dir='ltr'>Vocatus</span> <span class='ocrx_word' id='word_1_27' title='bbox 733 1595 833 1678; x_wconf 88' lang='lat' dir='ltr'>atque</span> <span class='ocrx_word' id='word_1_28' title='bbox 854 1612 919 1654; x_wconf 91' lang='lat' dir='ltr'>nou</span> <span class='ocrx_word' id='word_1_29' title='bbox 940 1592 1080 1654; x_wconf 85' lang='lat' dir='ltr'>vocatus</span> <span class='ocrx_word' id='word_1_30' title='bbox 1102 1589 1207 1655; x_wconf 87' lang='lat' dir='ltr'>audit.</span> 
     </span>
    </p>
   </div>
   <div class='ocr_carea' id='block_1_6' title="bbox 817 1966 980 2041">
    <p class='ocr_par' dir='ltr' id='par_1_6' title="bbox 817 1966 980 2041">
     <span class='ocr_line' id='line_1_10' title="bbox 817 1966 980 2041; baseline 0 -2"><span class='ocrx_word' id='word_1_31' title='bbox 817 1966 980 2041; x_wconf 92' lang='lat' dir='ltr'>XVIIII.</span> 
     </span>
    </p>
   </div>
   <div class='ocr_carea' id='block_1_7' title="bbox 523 2120 1235 2544">
    <p class='ocr_par' dir='ltr' id='par_1_7' title="bbox 523 2120 1235 2544">
     <span class='ocr_line' id='line_1_11' title="bbox 523 2120 1235 2208; baseline 0.003 -22"><span class='ocrx_word' id='word_1_32' title='bbox 523 2120 691 2188; x_wconf 88' lang='lat' dir='ltr'>Bacchum</span> <span class='ocrx_word' id='word_1_33' title='bbox 713 2120 748 2187; x_wconf 93' lang='lat' dir='ltr'>in</span> <span class='ocrx_word' id='word_1_34' title='bbox 769 2120 907 2187; x_wconf 88' lang='lat' dir='ltr'>remotis</span> <span class='ocrx_word' id='word_1_35' title='bbox 929 2121 1076 2188; x_wconf 86' lang='lat' dir='ltr'>carmina</span> <span class='ocrx_word' id='word_1_36' title='bbox 1096 2121 1235 2208; x_wconf 83' lang='lat' dir='ltr'>rupibus</span> 
     </span>
     <span class='ocr_line' id='line_1_12' title="bbox 524 2231 1127 2320; baseline 0 -20"><span class='ocrx_word' id='word_1_37' title='bbox 524 2232 605 2300; x_wconf 91' lang='lat' dir='ltr'>Vidi</span> <span class='ocrx_word' id='word_1_38' title='bbox 628 2231 809 2312; x_wconf 91' lang='lat' dir='ltr'>docentem,</span> <span class='ocrx_word' id='word_1_39' title='bbox 833 2231 968 2312; x_wconf 88' lang='lat' dir='ltr'>credite,</span> <span class='ocrx_word' id='word_1_40' title='bbox 990 2233 1127 2320; x_wconf 82' lang='lat' dir='ltr'>posteri,</span> 
     </span>
     <span class='ocr_line' id='line_1_13' title="bbox 566 2343 1177 2432; baseline -0.002 -22"><span class='ocrx_word' id='word_1_41' title='bbox 566 2343 807 2432; x_wconf 87' lang='lat' dir='ltr'>Nymphasque</span> <span class='ocrx_word' id='word_1_42' title='bbox 830 2343 998 2410; x_wconf 82' lang='lat' dir='ltr'>discentes</span> <span class='ocrx_word' id='word_1_43' title='bbox 1020 2350 1056 2410; x_wconf 89' lang='lat' dir='ltr'>et</span> <span class='ocrx_word' id='word_1_44' title='bbox 1078 2365 1177 2411; x_wconf 88' lang='lat' dir='ltr'>aures</span> 
     </span>
     <span class='ocr_line' id='line_1_14' title="bbox 611 2453 1205 2544; baseline 0 -23"><span class='ocrx_word' id='word_1_45' title='bbox 611 2454 835 2544; x_wconf 70' lang='lat' dir='ltr'>capripedum</span> <span class='ocrx_word' id='word_1_46' title='bbox 858 2453 1057 2542; x_wconf 87' lang='lat' dir='ltr'>Satyrorum</span> <span class='ocrx_word' id='word_1_47' title='bbox 1079 2462 1205 2523; x_wconf 88' lang='lat' dir='ltr'>acutas.</span> 
     </span>
    </p>
   </div>
   <div class='ocr_carea' id='block_1_8' title="bbox 523 2608 1197 2811">
    <p class='ocr_par' dir='ltr' id='par_1_8' title="bbox 523 2608 1197 2811">
     <span class='ocr_line' id='line_1_15' title="bbox 524 2608 1197 2698; baseline 0.001 -22"><span class='ocrx_word' id='word_1_48' title='bbox 524 2610 651 2691; x_wconf 88' lang='lat' dir='ltr'>Euhoe,</span> <span class='ocrx_word' id='word_1_49' title='bbox 672 2609 801 2677; x_wconf 85' lang='lat' dir='ltr'>recenti</span> <span class='ocrx_word' id='word_1_50' title='bbox 822 2631 915 2676; x_wconf 87' lang='lat' dir='ltr'>meus</span> <span class='ocrx_word' id='word_1_51' title='bbox 936 2608 1086 2698; x_wconf 86' lang='lat' dir='ltr'>trepidat</span> <span class='ocrx_word' id='word_1_52' title='bbox 1105 2616 1197 2677; x_wconf 88' lang='lat' dir='ltr'>metu</span> 
     </span>
     <span class='ocr_line' id='line_1_16' title="bbox 523 2721 1188 2811; baseline 0.002 -24"><span class='ocrx_word' id='word_1_53' title='bbox 523 2721 692 2811; x_wconf 89' lang='lat' dir='ltr'>Plenoque</span> <span class='ocrx_word' id='word_1_54' title='bbox 715 2721 839 2788; x_wconf 87' lang='lat' dir='ltr'>Bacchi</span> <span class='ocrx_word' id='word_1_55' title='bbox 861 2727 998 2809; x_wconf 88' lang='lat' dir='ltr'>pectore</span> <span class='ocrx_word' id='word_1_56' title='bbox 1019 2721 1188 2788; x_wconf 87' lang='lat' dir='ltr'>turbidum</span> 
     </span>
    </p>
   </div>
   <div class='ocr_carea' id='block_1_9' title="bbox 566 2832 1191 3034">
    <p class='ocr_par' dir='ltr' id='par_1_9' title="bbox 566 2832 1191 3034">
     <span class='ocr_line' id='line_1_17' title="bbox 566 2832 1173 2923; baseline 0.002 -24"><span class='ocrx_word' id='word_1_57' title='bbox 566 2833 741 2901; x_wconf 82' lang='lat' dir='ltr'>Laetatur.</span> <span class='ocrx_word' id='word_1_58' title='bbox 785 2832 910 2915; x_wconf 85' lang='lat' dir='ltr'>Euhoe,</span> <span class='ocrx_word' id='word_1_59' title='bbox 932 2856 1040 2923; x_wconf 85' lang='lat' dir='ltr'>perce,</span> <span class='ocrx_word' id='word_1_60' title='bbox 1063 2832 1173 2915; x_wconf 87' lang='lat' dir='ltr'>Liber,</span> 
     </span>
     <span class='ocr_line' id='line_1_18' title="bbox 609 2944 1191 3034; baseline 0 -23"><span class='ocrx_word' id='word_1_61' title='bbox 609 2944 722 3027; x_wconf 84' lang='lat' dir='ltr'>Peroe,</span> <span class='ocrx_word' id='word_1_62' title='bbox 744 2946 842 3031; x_wconf 84' lang='lat' dir='ltr'>gravi</span> <span class='ocrx_word' id='word_1_63' title='bbox 865 2944 1041 3012; x_wconf 89' lang='lat' dir='ltr'>metuende</span> <span class='ocrx_word' id='word_1_64' title='bbox 1063 2945 1191 3034; x_wconf 81' lang='lat' dir='ltr'>thyrso.</span> 
     </span>
    </p>
   </div>
   <div class='ocr_carea' id='block_1_10' title="bbox 524 3099 1197 3301">
    <p class='ocr_par' dir='ltr' id='par_1_10' title="bbox 524 3099 1197 3301">
     <span class='ocr_line' id='line_1_19' title="bbox 524 3099 1197 3189; baseline 0 -22"><span class='ocrx_word' id='word_1_65' title='bbox 524 3099 592 3168; x_wconf 83' lang='lat' dir='ltr'>Fas</span> <span class='ocrx_word' id='word_1_66' title='bbox 613 3100 804 3189; x_wconf 82' lang='lat' dir='ltr'>pervicaces</span> <span class='ocrx_word' id='word_1_67' title='bbox 829 3101 900 3167; x_wconf 67' lang='lat' dir='ltr'>*est</span> <span class='ocrx_word' id='word_1_68' title='bbox 922 3100 1003 3166; x_wconf 90' lang='lat' dir='ltr'>mihi</span> <span class='ocrx_word' id='word_1_69' title='bbox 1025 3099 1197 3188; x_wconf 82' lang='lat' dir='ltr'>Thyiadas</span> 
     </span>
     <span class='ocr_line' id='line_1_20' title="bbox 524 3211 1132 3301; baseline 0.002 -23"><span class='ocrx_word' id='word_1_70' title='bbox 524 3211 667 3301; x_wconf 89' lang='lat' dir='ltr'>Vinique</span> <span class='ocrx_word' id='word_1_71' title='bbox 689 3211 815 3278; x_wconf 85' lang='lat' dir='ltr'>fontem</span> <span class='ocrx_word' id='word_1_72' title='bbox 837 3212 935 3279; x_wconf 85' lang='lat' dir='ltr'>lactis</span> <span class='ocrx_word' id='word_1_73' title='bbox 956 3218 991 3278; x_wconf 90' lang='lat' dir='ltr'>et</span> <span class='ocrx_word' id='word_1_74' title='bbox 1012 3212 1132 3279; x_wconf 84' lang='lat' dir='ltr'>uberes</span> 
     </span>
    </p>
   </div>
   <div class='ocr_carea' id='block_1_11' title="bbox 569 3321 1121 3524">
    <p class='ocr_par' dir='ltr' id='par_1_11' title="bbox 569 3321 1121 3524">
     <span class='ocr_line' id='line_1_21' title="bbox 569 3321 1100 3412; baseline 0.002 -23"><span class='ocrx_word' id='word_1_75' title='bbox 569 3321 713 3391; x_wconf 76' lang='lat' dir='ltr'>(lentare</span> <span class='ocrx_word' id='word_1_76' title='bbox 735 3325 825 3391; x_wconf 89' lang='lat' dir='ltr'>rivos</span> <span class='ocrx_word' id='word_1_77' title='bbox 850 3329 951 3412; x_wconf 89' lang='lat' dir='ltr'>atque</span> <span class='ocrx_word' id='word_1_78' title='bbox 971 3324 1100 3391; x_wconf 86' lang='lat' dir='ltr'>truncis</span> 
     </span>
     <span class='ocr_line' id='line_1_22' title="bbox 610 3434 1121 3524; baseline 0.004 -24"><span class='ocrx_word' id='word_1_79' title='bbox 610 3434 725 3524; x_wconf 89' lang='lat' dir='ltr'>Lapsa</span> <span class='ocrx_word' id='word_1_80' title='bbox 745 3436 836 3503; x_wconf 85' lang='lat' dir='ltr'>cavis</span> <span class='ocrx_word' id='word_1_81' title='bbox 857 3436 984 3502; x_wconf 88' lang='lat' dir='ltr'>iterare</span> <span class='ocrx_word' id='word_1_82' title='bbox 1006 3435 1121 3520; x_wconf 87' lang='lat' dir='ltr'>melle;</span> 
     </span>
    </p>
   </div>
   <div class='ocr_carea' id='block_1_12' title="bbox 524 3588 1166 4015">
    <p class='ocr_par' dir='ltr' id='par_1_12' title="bbox 524 3588 1166 4015">
     <span class='ocr_line' id='line_1_23' title="bbox 524 3588 1134 3675; baseline -0.002 -19"><span class='ocrx_word' id='word_1_83' title='bbox 524 3589 592 3657; x_wconf 87' lang='lat' dir='ltr'>Fas</span> <span class='ocrx_word' id='word_1_84' title='bbox 614 3596 650 3656; x_wconf 88' lang='lat' dir='ltr'>et</span> <span class='ocrx_word' id='word_1_85' title='bbox 670 3591 789 3657; x_wconf 85' lang='lat' dir='ltr'>beatae</span> <span class='ocrx_word' id='word_1_86' title='bbox 812 3591 961 3675; x_wconf 82' lang='lat' dir='ltr'>coniugis</span> <span class='ocrx_word' id='word_1_87' title='bbox 983 3588 1134 3656; x_wconf 91' lang='lat' dir='ltr'>additum</span> 
     </span>
     <span class='ocr_line' id='line_1_24' title="bbox 525 3699 1166 3791; baseline 0.003 -26"><span class='ocrx_word' id='word_1_88' title='bbox 525 3699 641 3769; x_wconf 87' lang='lat' dir='ltr'>Stellis</span> <span class='ocrx_word' id='word_1_89' title='bbox 665 3701 822 3768; x_wconf 91' lang='lat' dir='ltr'>honorem</span> <span class='ocrx_word' id='word_1_90' title='bbox 845 3707 1001 3791; x_wconf 85' lang='lat' dir='ltr'>tectaque</span> <span class='ocrx_word' id='word_1_91' title='bbox 1024 3701 1166 3768; x_wconf 87' lang='lat' dir='ltr'>Penthei</span> 
     </span>
     <span class='ocr_line' id='line_1_25' title="bbox 565 3812 1020 3894; baseline 0.002 -16"><span class='ocrx_word' id='word_1_92' title='bbox 565 3812 719 3881; x_wconf 84' lang='lat' dir='ltr'>Disiecta</span> <span class='ocrx_word' id='word_1_93' title='bbox 740 3836 804 3879; x_wconf 92' lang='lat' dir='ltr'>uon</span> <span class='ocrx_word' id='word_1_94' title='bbox 825 3813 894 3879; x_wconf 88' lang='lat' dir='ltr'>leni</span> <span class='ocrx_word' id='word_1_95' title='bbox 915 3814 1020 3894; x_wconf 80' lang='lat' dir='ltr'>ruina,</span> 
     </span>
     <span class='ocr_line' id='line_1_26' title="bbox 610 3924 1149 4015; baseline 0.004 -24"><span class='ocrx_word' id='word_1_96' title='bbox 610 3924 749 3991; x_wconf 84' lang='lat' dir='ltr'>Thracis</span> <span class='ocrx_word' id='word_1_97' title='bbox 771 3932 806 3991; x_wconf 90' lang='lat' dir='ltr'>ct</span> <span class='ocrx_word' id='word_1_98' title='bbox 829 3925 969 3992; x_wconf 84' lang='lat' dir='ltr'>exitium</span> <span class='ocrx_word' id='word_1_99' title='bbox 990 3925 1149 4015; x_wconf 82' lang='lat' dir='ltr'>Lycurgi</span> 
     </span>
    </p>
   </div>
   <div class='ocr_carea' id='block_1_13' title="bbox 523 4080 1230 4483">
    <p class='ocr_par' dir='ltr' id='par_1_13' title="bbox 523 4080 1230 4483">
     <span class='ocr_line' id='line_1_27' title="bbox 523 4080 1230 4163; baseline 0.003 -17"><span class='ocrx_word' id='word_1_100' title='bbox 523 4080 575 4146; x_wconf 82' lang='lat' dir='ltr'>Tu</span> <span class='ocrx_word' id='word_1_101' title='bbox 596 4080 705 4147; x_wconf 79' lang='lat' dir='ltr'>flectis</span> <span class='ocrx_word' id='word_1_102' title='bbox 727 4102 848 4161; x_wconf 87' lang='lat' dir='ltr'>amnes,</span> <span class='ocrx_word' id='word_1_103' title='bbox 869 4087 908 4147; x_wconf 90' lang='lat' dir='ltr'>tu</span> <span class='ocrx_word' id='word_1_104' title='bbox 929 4103 1021 4148; x_wconf 89' lang='lat' dir='ltr'>mare</span> <span class='ocrx_word' id='word_1_105' title='bbox 1041 4081 1230 4163; x_wconf 84' lang='lat' dir='ltr'>barbarum,</span> 
     </span>
     <span class='ocr_line' id='line_1_28' title="bbox 523 4191 1069 4280; baseline 0.002 -22"><span class='ocrx_word' id='word_1_106' title='bbox 523 4191 575 4258; x_wconf 81' lang='lat' dir='ltr'>&#39;Pu</span> <span class='ocrx_word' id='word_1_107' title='bbox 595 4193 760 4280; x_wconf 86' lang='lat' dir='ltr'>separatis</span> <span class='ocrx_word' id='word_1_108' title='bbox 781 4191 904 4259; x_wconf 89' lang='lat' dir='ltr'>uvidus</span> <span class='ocrx_word' id='word_1_109' title='bbox 925 4194 960 4259; x_wconf 91' lang='lat' dir='ltr'>in</span> <span class='ocrx_word' id='word_1_110' title='bbox 980 4193 1069 4278; x_wconf 73' lang='lat' dir='ltr'>iugis</span> 
     </span>
     <span class='ocr_line' id='line_1_29' title="bbox 565 4302 1013 4392; baseline 0 -22"><span class='ocrx_word' id='word_1_111' title='bbox 565 4302 663 4371; x_wconf 87' lang='lat' dir='ltr'>Nodo</span> <span class='ocrx_word' id='word_1_112' title='bbox 685 4303 841 4371; x_wconf 87' lang='lat' dir='ltr'>coherces</span> <span class='ocrx_word' id='word_1_113' title='bbox 861 4304 1013 4392; x_wconf 90' lang='lat' dir='ltr'>viperino</span> 
     </span>
     <span class='ocr_line' id='line_1_30' title="bbox 609 4415 1194 4483; baseline 0.005 -4"><span class='ocrx_word' id='word_1_114' title='bbox 609 4416 821 4483; x_wconf 87' lang='lat' dir='ltr'>Bistonidum</span> <span class='ocrx_word' id='word_1_115' title='bbox 843 4417 915 4483; x_wconf 90' lang='lat' dir='ltr'>sino</span> <span class='ocrx_word' id='word_1_116' title='bbox 937 4415 1054 4482; x_wconf 83' lang='lat' dir='ltr'>fraude</span> <span class='ocrx_word' id='word_1_117' title='bbox 1078 4416 1194 4482; x_wconf 83' lang='lat' dir='ltr'>crines.</span> 
     </span>
    </p>
   </div>
   <div class='ocr_carea' id='block_1_14' title="bbox 523 4570 1217 4996">
    <p class='ocr_par' dir='ltr' id='par_1_14' title="bbox 523 4570 1217 4996">
     <span class='ocr_line' id='line_1_31' title="bbox 523 4570 1217 4658; baseline -0.003 -21"><span class='ocrx_word' id='word_1_118' title='bbox 523 4570 582 4652; x_wconf 78' lang='lat' dir='ltr'>Tu,</span> <span class='ocrx_word' id='word_1_119' title='bbox 606 4594 679 4639; x_wconf 91' lang='lat' dir='ltr'>cum</span> <span class='ocrx_word' id='word_1_120' title='bbox 701 4570 852 4658; x_wconf 90' lang='lat' dir='ltr'>parentis</span> <span class='ocrx_word' id='word_1_121' title='bbox 872 4592 977 4655; x_wconf 86' lang='lat' dir='ltr'>regna</span> <span class='ocrx_word' id='word_1_122' title='bbox 996 4591 1057 4658; x_wconf 91' lang='lat' dir='ltr'>per</span> <span class='ocrx_word' id='word_1_123' title='bbox 1078 4570 1217 4637; x_wconf 87' lang='lat' dir='ltr'>arduum</span> 
     </span>
     <span class='ocr_line' id='line_1_32' title="bbox 525 4680 1179 4771; baseline -0.002 -23"><span class='ocrx_word' id='word_1_124' title='bbox 525 4682 651 4750; x_wconf 84' lang='lat' dir='ltr'>Cohors</span> <span class='ocrx_word' id='word_1_125' title='bbox 674 4681 858 4769; x_wconf 79' lang='lat' dir='ltr'>Gigantum</span> <span class='ocrx_word' id='word_1_126' title='bbox 880 4680 1058 4749; x_wconf 85' lang='lat' dir='ltr'>scanderet</span> <span class='ocrx_word' id='word_1_127' title='bbox 1079 4682 1179 4771; x_wconf 88' lang='lat' dir='ltr'>inpia,</span> 
     </span>
     <span class='ocr_line' id='line_1_33' title="bbox 566 4794 1052 4863; baseline 0.004 -4"><span class='ocrx_word' id='word_1_128' title='bbox 566 4794 733 4862; x_wconf 86' lang='lat' dir='ltr'>Rhoetum</span> <span class='ocrx_word' id='word_1_129' title='bbox 755 4795 925 4863; x_wconf 88' lang='lat' dir='ltr'>retorsisti</span> <span class='ocrx_word' id='word_1_130' title='bbox 946 4795 1052 4862; x_wconf 93' lang='lat' dir='ltr'>leonis</span> 
     </span>
     <span class='ocr_line' id='line_1_34' title="bbox 611 4905 1154 4996; baseline 0.002 -24"><span class='ocrx_word' id='word_1_131' title='bbox 611 4906 788 4993; x_wconf 84' lang='lat' dir='ltr'>Vnguibus</span> <span class='ocrx_word' id='word_1_132' title='bbox 810 4907 1029 4996; x_wconf 90' lang='lat' dir='ltr'>horribilique</span> <span class='ocrx_word' id='word_1_133' title='bbox 1051 4905 1154 4989; x_wconf 87' lang='lat' dir='ltr'>male;</span> 
     </span>
    </p>
   </div>
   <div class='ocr_carea' id='block_1_15' title="bbox 0 0 1788 5700">
    <p class='ocr_par' dir='ltr' id='par_1_15' title="bbox 0 0 1788 5700">
     <span class='ocr_line' id='line_1_35' title="bbox 0 0 1788 5700; baseline 0 0"><span class='ocrx_word' id='word_1_134' title='bbox 0 0 1788 5700; x_wconf 95' lang='lat' dir='ltr'> </span> 
     </span>
    </p>
   </div>
  </div>
 </body>
</html>
