<?xml version="1.0" encoding="UTF-8"?>
<!DOCTYPE html PUBLIC "-//W3C//DTD XHTML 1.0 Transitional//EN"
    "http://www.w3.org/TR/xhtml1/DTD/xhtml1-transitional.dtd">
<html xmlns="http://www.w3.org/1999/xhtml" xml:lang="en" lang="en">
 <head>
  <title>
</title>
<meta http-equiv="Content-Type" content="text/html;charset=utf-8" />
  <meta name='ocr-system' content='tesseract 3.04.00' />
  <meta name='ocr-capabilities' content='ocr_page ocr_carea ocr_par ocr_line ocrx_word'/>
</head>
<body>
  <div class='ocr_page' id='page_1' title='image "./odenundepoden00mlgoog/odenundepoden00mlgoog_0081.png"; bbox 0 0 3567 5700; ppageno 0'>
   <div class='ocr_carea' id='block_1_1' title="bbox 738 600 924 662">
    <p class='ocr_par' dir='ltr' id='par_1_1' title="bbox 738 600 924 662">
     <span class='ocr_line' id='line_1_1' title="bbox 738 600 924 662; baseline 0 -1"><span class='ocrx_word' id='word_1_1' title='bbox 738 600 852 662; x_wconf 78' lang='lat' dir='ltr'>LIBER</span> <span class='ocrx_word' id='word_1_2' title='bbox 873 602 924 661; x_wconf 92' lang='grc' dir='ltr'>ΙΠ.</span> 
     </span>
    </p>
   </div>
   <div class='ocr_carea' id='block_1_2' title="bbox 420 782 1250 1209">
    <p class='ocr_par' dir='ltr' id='par_1_2' title="bbox 420 782 1250 1209">
     <span class='ocr_line' id='line_1_2' title="bbox 421 782 1250 876; baseline 0.007 -26"><span class='ocrx_word' id='word_1_3' title='bbox 421 782 625 874; x_wconf 78' lang='lat' dir='ltr'><strong>Quamquam</strong></span> <span class='ocrx_word' id='word_1_4' title='bbox 647 807 708 852; x_wconf 89' lang='lat' dir='ltr'>nec</span> <span class='ocrx_word' id='word_1_5' title='bbox 731 783 894 853; x_wconf 76' lang='lat' dir='ltr'>Calabrae</span> <span class='ocrx_word' id='word_1_6' title='bbox 917 788 1016 853; x_wconf 86' lang='lat' dir='ltr'>mella</span> <span class='ocrx_word' id='word_1_7' title='bbox 1035 787 1148 854; x_wconf 88' lang='lat' dir='ltr'>ferunt</span> <span class='ocrx_word' id='word_1_8' title='bbox 1170 811 1250 876; x_wconf 90' lang='lat' dir='ltr'>apes</span> 
     </span>
     <span class='ocr_line' id='line_1_3' title="bbox 420 895 1174 988; baseline 0.004 -25"><span class='ocrx_word' id='word_1_9' title='bbox 420 895 491 963; x_wconf 90' lang='lat' dir='ltr'>Nec</span> <span class='ocrx_word' id='word_1_10' title='bbox 514 895 764 986; x_wconf 80' lang='lat' dir='ltr'>Laestrygonia</span> <span class='ocrx_word' id='word_1_11' title='bbox 784 897 935 964; x_wconf 85' lang='lat' dir='ltr'>Bacchus</span> <span class='ocrx_word' id='word_1_12' title='bbox 957 899 992 964; x_wconf 94' lang='lat' dir='ltr'>in</span> <span class='ocrx_word' id='word_1_13' title='bbox 1015 900 1174 988; x_wconf 85' lang='lat' dir='ltr'>amphora</span> 
     </span>
     <span class='ocr_line' id='line_1_4' title="bbox 463 1007 1174 1097; baseline 0.006 -22"><span class='ocrx_word' id='word_1_14' title='bbox 463 1007 667 1095; x_wconf 84' lang='lat' dir='ltr'>Lauguescit</span> <span class='ocrx_word' id='word_1_15' title='bbox 687 1008 768 1075; x_wconf 90' lang='lat' dir='ltr'>mihi</span> <span class='ocrx_word' id='word_1_16' title='bbox 791 1032 852 1077; x_wconf 86' lang='lat' dir='ltr'>nec</span> <span class='ocrx_word' id='word_1_17' title='bbox 873 1010 1012 1097; x_wconf 78' lang='lat' dir='ltr'>pinguia</span> <span class='ocrx_word' id='word_1_18' title='bbox 1035 1010 1174 1079; x_wconf 83' lang='lat' dir='ltr'>Gallicis</span> 
     </span>
     <span class='ocr_line' id='line_1_5' title="bbox 506 1118 987 1209; baseline 0.002 -22"><span class='ocrx_word' id='word_1_19' title='bbox 506 1118 668 1188; x_wconf 84' lang='lat' dir='ltr'>Crescunt</span> <span class='ocrx_word' id='word_1_20' title='bbox 689 1121 817 1189; x_wconf 88' lang='lat' dir='ltr'>vellera</span> <span class='ocrx_word' id='word_1_21' title='bbox 837 1121 987 1209; x_wconf 79' lang='lat' dir='ltr'>pascuis:</span> 
     </span>
    </p>
   </div>
   <div class='ocr_carea' id='block_1_3' title="bbox 419 1310 1118 1625">
    <p class='ocr_par' dir='ltr' id='par_1_3' title="bbox 419 1310 1118 1625">
     <span class='ocr_line' id='line_1_6' title="bbox 419 1310 1061 1400; baseline 0.006 -24"><span class='ocrx_word' id='word_1_22' title='bbox 419 1310 604 1399; x_wconf 85' lang='lat' dir='ltr'>Inpertuna</span> <span class='ocrx_word' id='word_1_23' title='bbox 625 1314 737 1378; x_wconf 84' lang='lat' dir='ltr'>tumen</span> <span class='ocrx_word' id='word_1_24' title='bbox 758 1310 935 1400; x_wconf 78' lang='lat' dir='ltr'>pauperies</span> <span class='ocrx_word' id='word_1_25' title='bbox 958 1312 1061 1394; x_wconf 75' lang='lat' dir='ltr'>abest</span> 
     </span>
     <span class='ocr_line' id='line_1_7' title="bbox 419 1422 1118 1513; baseline 0.006 -24"><span class='ocrx_word' id='word_1_26' title='bbox 419 1422 489 1491; x_wconf 89' lang='lat' dir='ltr'>Nec</span> <span class='ocrx_word' id='word_1_27' title='bbox 511 1422 541 1490; x_wconf 90' lang='lat' dir='ltr'>si</span> <span class='ocrx_word' id='word_1_28' title='bbox 561 1422 657 1511; x_wconf 90' lang='lat' dir='ltr'>plura</span> <span class='ocrx_word' id='word_1_29' title='bbox 678 1422 780 1490; x_wconf 89' lang='lat' dir='ltr'>velim</span> <span class='ocrx_word' id='word_1_30' title='bbox 801 1428 840 1490; x_wconf 86' lang='lat' dir='ltr'>tu</span> <span class='ocrx_word' id='word_1_31' title='bbox 862 1423 943 1491; x_wconf 88' lang='lat' dir='ltr'>dare</span> <span class='ocrx_word' id='word_1_32' title='bbox 966 1424 1118 1513; x_wconf 84' lang='lat' dir='ltr'>deneges</span> 
     </span>
     <span class='ocr_line' id='line_1_8' title="bbox 463 1533 1086 1625; baseline 0.003 -23"><span class='ocrx_word' id='word_1_33' title='bbox 463 1533 643 1603; x_wconf 74' lang='lat' dir='ltr'>contracto</span> <span class='ocrx_word' id='word_1_34' title='bbox 665 1534 783 1603; x_wconf 89' lang='lat' dir='ltr'>melius</span> <span class='ocrx_word' id='word_1_35' title='bbox 803 1558 909 1623; x_wconf 90' lang='lat' dir='ltr'>parva</span> <span class='ocrx_word' id='word_1_36' title='bbox 932 1536 1086 1625; x_wconf 88' lang='lat' dir='ltr'>cupidine</span> 
     </span>
    </p>
   </div>
   <div class='ocr_carea' id='block_1_4' title="bbox 503 1645 890 1736">
    <p class='ocr_par' dir='ltr' id='par_1_4' title="bbox 503 1645 890 1736">
     <span class='ocr_line' id='line_1_9' title="bbox 503 1645 890 1736; baseline -0.005 -21"><span class='ocrx_word' id='word_1_37' title='bbox 503 1645 694 1734; x_wconf 74' lang='lat' dir='ltr'>Vectigalia</span> <span class='ocrx_word' id='word_1_38' title='bbox 714 1646 890 1736; x_wconf 86' lang='lat' dir='ltr'>porrigam,</span> 
     </span>
    </p>
   </div>
   <div class='ocr_carea' id='block_1_5' title="bbox 419 1835 1138 2038">
    <p class='ocr_par' dir='ltr' id='par_1_5' title="bbox 419 1835 1138 2038">
     <span class='ocr_line' id='line_1_10' title="bbox 419 1835 1129 1927; baseline 0.004 -25"><span class='ocrx_word' id='word_1_39' title='bbox 419 1835 525 1917; x_wconf 81' lang='lat' dir='ltr'>Quam</span> <span class='ocrx_word' id='word_1_40' title='bbox 546 1837 575 1903; x_wconf 94' lang='lat' dir='ltr'>si</span> <span class='ocrx_word' id='word_1_41' title='bbox 597 1836 790 1925; x_wconf 86' lang='lat' dir='ltr'>Mygdoniis</span> <span class='ocrx_word' id='word_1_42' title='bbox 812 1860 952 1924; x_wconf 86' lang='lat' dir='ltr'>reguum</span> <span class='ocrx_word' id='word_1_43' title='bbox 973 1838 1129 1927; x_wconf 83' lang='lat' dir='ltr'>Alyattei</span> 
     </span>
     <span class='ocr_line' id='line_1_11' title="bbox 419 1948 1138 2038; baseline 0.001 -22"><span class='ocrx_word' id='word_1_44' title='bbox 419 1948 552 2038; x_wconf 82' lang='lat' dir='ltr'>Campis</span> <span class='ocrx_word' id='word_1_45' title='bbox 575 1948 772 2016; x_wconf 88' lang='lat' dir='ltr'>continuem.</span> <span class='ocrx_word' id='word_1_46' title='bbox 815 1949 925 2017; x_wconf 85' lang='lat' dir='ltr'>Multa</span> <span class='ocrx_word' id='word_1_47' title='bbox 945 1950 1138 2038; x_wconf 88' lang='lat' dir='ltr'>potentibus</span> 
     </span>
    </p>
   </div>
   <div class='ocr_carea' id='block_1_6' title="bbox 461 2061 1206 2263">
    <p class='ocr_par' dir='ltr' id='par_1_6' title="bbox 461 2061 1206 2263">
     <span class='ocr_line' id='line_1_12' title="bbox 461 2061 1206 2141; baseline 0.005 -14"><span class='ocrx_word' id='word_1_48' title='bbox 461 2061 593 2128; x_wconf 84' lang='lat' dir='ltr'>Desunt</span> <span class='ocrx_word' id='word_1_49' title='bbox 615 2061 735 2128; x_wconf 88' lang='lat' dir='ltr'>multa:</span> <span class='ocrx_word' id='word_1_50' title='bbox 757 2062 882 2141; x_wconf 76' lang='lat' dir='ltr'>honest</span> <span class='ocrx_word' id='word_1_51' title='bbox 905 2062 959 2129; x_wconf 89' lang='lat' dir='ltr'>oui</span> <span class='ocrx_word' id='word_1_52' title='bbox 981 2062 1062 2130; x_wconf 88' lang='lat' dir='ltr'>deus</span> <span class='ocrx_word' id='word_1_53' title='bbox 1084 2063 1206 2131; x_wconf 85' lang='lat' dir='ltr'>obtulit</span> 
     </span>
     <span class='ocr_line' id='line_1_13' title="bbox 502 2171 1030 2263; baseline 0.004 -24"><span class='ocrx_word' id='word_1_54' title='bbox 502 2171 610 2240; x_wconf 87' lang='lat' dir='ltr'>Paroa</span> <span class='ocrx_word' id='word_1_55' title='bbox 630 2173 719 2263; x_wconf 88' lang='lat' dir='ltr'>quod</span> <span class='ocrx_word' id='word_1_56' title='bbox 742 2172 826 2241; x_wconf 88' lang='lat' dir='ltr'>satis</span> <span class='ocrx_word' id='word_1_57' title='bbox 848 2179 901 2241; x_wconf 89' lang='lat' dir='ltr'>est</span> <span class='ocrx_word' id='word_1_58' title='bbox 923 2197 1030 2241; x_wconf 85' lang='lat' dir='ltr'>manu</span> 
     </span>
    </p>
   </div>
   <div class='ocr_carea' id='block_1_7' title="bbox 766 2623 889 2698">
    <p class='ocr_par' dir='ltr' id='par_1_7' title="bbox 766 2623 889 2698">
     <span class='ocr_line' id='line_1_14' title="bbox 766 2623 889 2698; baseline -0.008 0"><span class='ocrx_word' id='word_1_59' title='bbox 766 2623 889 2698; x_wconf 86' lang='lat' dir='ltr'><strong>XVII.</strong></span> 
     </span>
    </p>
   </div>
   <div class='ocr_carea' id='block_1_8' title="bbox 418 2777 1167 3203">
    <p class='ocr_par' dir='ltr' id='par_1_8' title="bbox 418 2777 1167 3203">
     <span class='ocr_line' id='line_1_15' title="bbox 418 2777 992 2858; baseline 0.002 -15"><span class='ocrx_word' id='word_1_60' title='bbox 418 2777 496 2844; x_wconf 86' lang='lat' dir='ltr'>Aeli</span> <span class='ocrx_word' id='word_1_61' title='bbox 518 2784 652 2844; x_wconf 88' lang='lat' dir='ltr'>vetusto</span> <span class='ocrx_word' id='word_1_62' title='bbox 673 2777 793 2845; x_wconf 92' lang='lat' dir='ltr'>nobilis</span> <span class='ocrx_word' id='word_1_63' title='bbox 816 2779 856 2844; x_wconf 91' lang='lat' dir='ltr'>ab</span> <span class='ocrx_word' id='word_1_64' title='bbox 880 2777 992 2858; x_wconf 85' lang='lat' dir='ltr'>Lamo,</span> 
     </span>
     <span class='ocr_line' id='line_1_16' title="bbox 419 2889 1167 2980; baseline 0.003 -22"><span class='ocrx_word' id='word_1_65' title='bbox 419 2889 568 2978; x_wconf 81' lang='lat' dir='ltr'>[Quando</span> <span class='ocrx_word' id='word_1_66' title='bbox 592 2898 628 2958; x_wconf 89' lang='lat' dir='ltr'>et</span> <span class='ocrx_word' id='word_1_67' title='bbox 649 2892 777 2980; x_wconf 86' lang='lat' dir='ltr'>priores</span> <span class='ocrx_word' id='word_1_68' title='bbox 799 2891 878 2958; x_wconf 89' lang='lat' dir='ltr'>hinc</span> <span class='ocrx_word' id='word_1_69' title='bbox 899 2891 1033 2959; x_wconf 86' lang='lat' dir='ltr'>Lamias</span> <span class='ocrx_word' id='word_1_70' title='bbox 1054 2893 1167 2960; x_wconf 83' lang='lat' dir='ltr'>ferunt</span> 
     </span>
     <span class='ocr_line' id='line_1_17' title="bbox 459 3003 934 3093; baseline 0 -22"><span class='ocrx_word' id='word_1_71' title='bbox 459 3003 698 3072; x_wconf 85' lang='lat' dir='ltr'>Denominatos</span> <span class='ocrx_word' id='word_1_72' title='bbox 720 3011 755 3072; x_wconf 90' lang='lat' dir='ltr'>et</span> <span class='ocrx_word' id='word_1_73' title='bbox 776 3009 934 3093; x_wconf 78' lang='lat' dir='ltr'>nepotum</span> 
     </span>
     <span class='ocr_line' id='line_1_18' title="bbox 501 3115 1137 3203; baseline 0.005 -21"><span class='ocrx_word' id='word_1_74' title='bbox 501 3115 568 3184; x_wconf 89' lang='lat' dir='ltr'>Per</span> <span class='ocrx_word' id='word_1_75' title='bbox 589 3138 749 3183; x_wconf 86' lang='lat' dir='ltr'>memoras</span> <span class='ocrx_word' id='word_1_76' title='bbox 771 3138 876 3203; x_wconf 89' lang='lat' dir='ltr'>genus</span> <span class='ocrx_word' id='word_1_77' title='bbox 899 3139 993 3183; x_wconf 85' lang='lat' dir='ltr'>omne</span> <span class='ocrx_word' id='word_1_78' title='bbox 1015 3117 1137 3200; x_wconf 88' lang='lat' dir='ltr'>fastos;</span> 
     </span>
    </p>
   </div>
   <div class='ocr_carea' id='block_1_9' title="bbox 418 3303 1033 3718">
    <p class='ocr_par' dir='ltr' id='par_1_9' title="bbox 418 3303 1033 3718">
     <span class='ocr_line' id='line_1_19' title="bbox 418 3303 1028 3391; baseline 0 -20"><span class='ocrx_word' id='word_1_79' title='bbox 418 3305 564 3374; x_wconf 79' lang='lat' dir='ltr'>Auctore</span> <span class='ocrx_word' id='word_1_80' title='bbox 587 3306 628 3372; x_wconf 89' lang='lat' dir='ltr'>ab</span> <span class='ocrx_word' id='word_1_81' title='bbox 651 3306 708 3372; x_wconf 90' lang='lat' dir='ltr'>illo</span> <span class='ocrx_word' id='word_1_82' title='bbox 732 3305 825 3372; x_wconf 88' lang='lat' dir='ltr'>ducis</span> <span class='ocrx_word' id='word_1_83' title='bbox 847 3303 1028 3391; x_wconf 81' lang='lat' dir='ltr'>originem]</span> 
     </span>
     <span class='ocr_line' id='line_1_20' title="bbox 419 3417 1010 3499; baseline 0 -15"><span class='ocrx_word' id='word_1_84' title='bbox 419 3417 482 3499; x_wconf 80' lang='lat' dir='ltr'>Qui</span> <span class='ocrx_word' id='word_1_85' title='bbox 504 3417 711 3484; x_wconf 86' lang='lat' dir='ltr'>Formiarum</span> <span class='ocrx_word' id='word_1_86' title='bbox 733 3417 863 3484; x_wconf 86' lang='lat' dir='ltr'>moenia</span> <span class='ocrx_word' id='word_1_87' title='bbox 886 3418 1010 3485; x_wconf 89' lang='lat' dir='ltr'>dicitur</span> 
     </span>
     <span class='ocr_line' id='line_1_21' title="bbox 458 3529 1033 3619; baseline 0.002 -23"><span class='ocrx_word' id='word_1_88' title='bbox 458 3529 618 3619; x_wconf 86' lang='lat' dir='ltr'>Princeps</span> <span class='ocrx_word' id='word_1_89' title='bbox 641 3535 676 3596; x_wconf 86' lang='lat' dir='ltr'>et</span> <span class='ocrx_word' id='word_1_90' title='bbox 697 3530 867 3597; x_wconf 89' lang='lat' dir='ltr'>innantem</span> <span class='ocrx_word' id='word_1_91' title='bbox 889 3529 1033 3597; x_wconf 86' lang='lat' dir='ltr'>Maricae</span> 
     </span>
     <span class='ocr_line' id='line_1_22' title="bbox 502 3641 978 3718; baseline -0.002 -10"><span class='ocrx_word' id='word_1_92' title='bbox 502 3642 673 3710; x_wconf 90' lang='lat' dir='ltr'>Litoribus</span> <span class='ocrx_word' id='word_1_93' title='bbox 694 3642 841 3709; x_wconf 88' lang='lat' dir='ltr'>tenuisse</span> <span class='ocrx_word' id='word_1_94' title='bbox 864 3641 978 3718; x_wconf 80' lang='lat' dir='ltr'>Lirim,</span> 
     </span>
    </p>
   </div>
   <div class='ocr_carea' id='block_1_10' title="bbox 417 3830 1102 4259">
    <p class='ocr_par' dir='ltr' id='par_1_10' title="bbox 417 3830 1102 4259">
     <span class='ocr_line' id='line_1_23' title="bbox 417 3830 1070 3921; baseline -0.005 -21"><span class='ocrx_word' id='word_1_95' title='bbox 417 3833 501 3900; x_wconf 87' lang='lat' dir='ltr'>Late</span> <span class='ocrx_word' id='word_1_96' title='bbox 523 3843 696 3921; x_wconf 85' lang='lat' dir='ltr'>tyrannus.</span> <span class='ocrx_word' id='word_1_97' title='bbox 742 3830 824 3898; x_wconf 83' lang='lat' dir='ltr'>Cras</span> <span class='ocrx_word' id='word_1_98' title='bbox 843 3831 934 3896; x_wconf 84' lang='lat' dir='ltr'>foliis</span> <span class='ocrx_word' id='word_1_99' title='bbox 957 3853 1070 3897; x_wconf 82' lang='lat' dir='ltr'>nemus</span> 
     </span>
     <span class='ocr_line' id='line_1_24' title="bbox 417 3942 922 4031; baseline -0.01 -19"><span class='ocrx_word' id='word_1_100' title='bbox 417 3946 531 4012; x_wconf 83' lang='lat' dir='ltr'>Multis</span> <span class='ocrx_word' id='word_1_101' title='bbox 554 3951 590 4012; x_wconf 89' lang='lat' dir='ltr'>et</span> <span class='ocrx_word' id='word_1_102' title='bbox 608 3945 685 4031; x_wconf 86' lang='lat' dir='ltr'>alga</span> <span class='ocrx_word' id='word_1_103' title='bbox 707 3943 788 4010; x_wconf 85' lang='lat' dir='ltr'>litus</span> <span class='ocrx_word' id='word_1_104' title='bbox 809 3942 922 4009; x_wconf 89' lang='lat' dir='ltr'>inutili</span> 
     </span>
     <span class='ocr_line' id='line_1_25' title="bbox 458 4055 991 4145; baseline -0.006 -21"><span class='ocrx_word' id='word_1_105' title='bbox 458 4056 612 4124; x_wconf 88' lang='lat' dir='ltr'>Demissa</span> <span class='ocrx_word' id='word_1_106' title='bbox 633 4062 816 4145; x_wconf 85' lang='lat' dir='ltr'>tempestas</span> <span class='ocrx_word' id='word_1_107' title='bbox 838 4055 880 4122; x_wconf 93' lang='lat' dir='ltr'>ab</span> <span class='ocrx_word' id='word_1_108' title='bbox 900 4055 991 4122; x_wconf 88' lang='lat' dir='ltr'>Euro</span> 
     </span>
     <span class='ocr_line' id='line_1_26' title="bbox 500 4166 1102 4259; baseline -0.002 -24"><span class='ocrx_word' id='word_1_109' title='bbox 500 4166 645 4250; x_wconf 85' lang='lat' dir='ltr'>Sternet,</span> <span class='ocrx_word' id='word_1_110' title='bbox 669 4190 772 4259; x_wconf 82' lang='lat' dir='ltr'>aquae</span> <span class='ocrx_word' id='word_1_111' title='bbox 795 4167 860 4236; x_wconf 89' lang='lat' dir='ltr'>uisi</span> <span class='ocrx_word' id='word_1_112' title='bbox 885 4167 976 4235; x_wconf 87' lang='lat' dir='ltr'>fallit</span> <span class='ocrx_word' id='word_1_113' title='bbox 995 4190 1102 4254; x_wconf 88' lang='lat' dir='ltr'>augur</span> 
     </span>
    </p>
   </div>
   <div class='ocr_carea' id='block_1_11' title="bbox 418 4356 1109 4784">
    <p class='ocr_par' dir='ltr' id='par_1_11' title="bbox 418 4356 1109 4784">
     <span class='ocr_line' id='line_1_27' title="bbox 418 4356 1109 4446; baseline 0 -23"><span class='ocrx_word' id='word_1_114' title='bbox 418 4359 552 4425; x_wconf 87' lang='lat' dir='ltr'>Annosa</span> <span class='ocrx_word' id='word_1_115' title='bbox 574 4359 695 4425; x_wconf 85' lang='lat' dir='ltr'>cornix.</span> <span class='ocrx_word' id='word_1_116' title='bbox 741 4357 828 4424; x_wconf 89' lang='lat' dir='ltr'>Dum</span> <span class='ocrx_word' id='word_1_117' title='bbox 853 4363 959 4446; x_wconf 83' lang='lat' dir='ltr'>potes,</span> <span class='ocrx_word' id='word_1_118' title='bbox 981 4356 1109 4423; x_wconf 90' lang='lat' dir='ltr'>aridum</span> 
     </span>
     <span class='ocr_line' id='line_1_28' title="bbox 419 4468 1109 4557; baseline -0.001 -22"><span class='ocrx_word' id='word_1_119' title='bbox 419 4469 571 4557; x_wconf 87' lang='lat' dir='ltr'>Conponc</span> <span class='ocrx_word' id='word_1_120' title='bbox 593 4470 735 4556; x_wconf 89' lang='lat' dir='ltr'>lignum:</span> <span class='ocrx_word' id='word_1_121' title='bbox 758 4494 831 4537; x_wconf 87' lang='lat' dir='ltr'>oras</span> <span class='ocrx_word' id='word_1_122' title='bbox 856 4468 997 4536; x_wconf 84' lang='lat' dir='ltr'>Genium</span> <span class='ocrx_word' id='word_1_123' title='bbox 1020 4491 1109 4536; x_wconf 90' lang='lat' dir='ltr'>mero</span> 
     </span>
     <span class='ocr_line' id='line_1_29' title="bbox 460 4582 972 4670; baseline -0.004 -21"><span class='ocrx_word' id='word_1_124' title='bbox 460 4582 600 4649; x_wconf 79' lang='lat' dir='ltr'>Curubis</span> <span class='ocrx_word' id='word_1_125' title='bbox 620 4589 655 4649; x_wconf 88' lang='lat' dir='ltr'>et</span> <span class='ocrx_word' id='word_1_126' title='bbox 677 4607 776 4670; x_wconf 90' lang='lat' dir='ltr'>porco</span> <span class='ocrx_word' id='word_1_127' title='bbox 798 4583 972 4648; x_wconf 84' lang='lat' dir='ltr'>bimenstri</span> 
     </span>
     <span class='ocr_line' id='line_1_30' title="bbox 501 4693 1045 4784; baseline -0.004 -23"><span class='ocrx_word' id='word_1_128' title='bbox 501 4693 584 4762; x_wconf 81' lang='lat' dir='ltr'>Cum</span> <span class='ocrx_word' id='word_1_129' title='bbox 606 4695 738 4763; x_wconf 86' lang='lat' dir='ltr'>famulis</span> <span class='ocrx_word' id='word_1_130' title='bbox 760 4717 896 4784; x_wconf 87' lang='lat' dir='ltr'>operum</span> <span class='ocrx_word' id='word_1_131' title='bbox 918 4694 1045 4761; x_wconf 90' lang='lat' dir='ltr'>solutis.</span> 
     </span>
    </p>
   </div>
   <div class='ocr_carea' id='block_1_12' title="bbox 0 0 1788 5700">
    <p class='ocr_par' dir='ltr' id='par_1_12' title="bbox 0 0 1788 5700">
     <span class='ocr_line' id='line_1_31' title="bbox 0 0 1788 5700; baseline 0 0"><span class='ocrx_word' id='word_1_132' title='bbox 0 0 1788 5700; x_wconf 95' lang='lat' dir='ltr'> </span> 
     </span>
    </p>
   </div>
  </div>
 </body>
</html>
