3567 5700
792 577 910 640 LIBER
931 580 966 638 ll.

489 758 695 849 Quamquam
715 761 845 828 choreis
868 764 980 850 aptior
1001 769 1036 829 et
1058 763 1138 831 iocis

488 871 647 961 Ludoque
671 871 800 939 *dictus
824 897 888 940 non
912 880 966 940 sat
987 873 1125 941 idoneus

531 982 668 1070 Pugnae
691 985 869 1068 ferebaris;
892 986 950 1051 sed
970 986 1057 1052 idem

574 1096 671 1162 Pacis
694 1119 767 1162 cras
789 1097 980 1186 mediusque
1001 1097 1088 1164 belli.

488 1251 536 1317 'I'e
558 1250 645 1317 vidit
666 1252 779 1315 insons
803 1249 967 1317 Cerberus
990 1274 1090 1318 aureo

489 1361 600 1428 Cornu
621 1361 784 1440 decorum,
805 1362 928 1428 leniter
952 1367 1102 1429 atterens

533 1470 687 1552 eandam,
709 1478 744 1538 et
766 1473 954 1539 recedentis
975 1474 1128 1562 trilingui

573 1582 638 1651 Ore
660 1584 763 1672 pedes
785 1584 968 1675 tetigitque
991 1608 1094 1653 crura.

834 1844 920 1917 XX.

488 1994 563 2061 Non
583 1995 712 2062 usitata
732 2019 793 2063 nec
815 1998 909 2064 tenui
931 1998 1021 2066 ferar

487 2105 594 2174 Pinna
613 2107 763 2174 biformis
786 2131 846 2197 per
868 2109 1030 2198 liquidum
1052 2109 1190 2177 aethera

529 2218 646 2293 Vates,
671 2242 777 2310 neque
800 2222 834 2287 in
857 2222 958 2287 terris
981 2223 1135 2290 morabor

572 2331 720 2418 Longius
742 2332 935 2422 invidiaque
957 2334 1063 2402 maior

487 2485 595 2552 Vrbes
617 2486 809 2575 relinquam.
851 2486 928 2554 Non
949 2509 1019 2574 ego,
1042 2511 1222 2576 pauperum

488 2595 630 2683 Sanguis
652 2604 837 2685 parentum,
864 2621 928 2664 non
949 2621 1020 2685 ego,
1045 2602 1158 2689 lquem
1179 2623 1288 2682 vocas,

530 2709 661 2775 Dilecta
684 2707 869 2790 Maecenas,
890 2710 986 2775 obibo

571 2818 643 2887 Nec
665 2817 788 2909 Stygia
810 2821 986 2888 cohibebor
1003 2822 1102 2890 unda.

488 2973 571 3062 [Iam
592 2976 659 3041 iam
681 2974 833 3042 residunt
855 2976 1006 3043 cruribus
1026 3000 1164 3066 asperae

488 3085 605 3167 Pelles,
627 3092 663 3152 et
683 3086 793 3153 elbum
815 3092 927 3153 mutor
947 3088 982 3153 in
1001 3089 1116 3156 alitem

530 3197 686 3286 Superne,
707 3204 953 3288 nascunturque
975 3200 1067 3267 leves

573 3309 639 3376 Per
662 3308 787 3395 digitos
808 3332 1004 3399 umerosque
1025 3311 1177 3400 plumae]

488 3463 559 3531 Iam
582 3463 756 3531 Daedaleo
778 3465 884 3530 tutior
903 3465 999 3531 Icaro

487 3575 600 3642 Visam
622 3576 786 3662 gementis
807 3575 911 3643 litora
933 3576 1099 3664 Bosphori

530 3685 716 3777 Syrtosque
741 3685 906 3754 Gaetulas
929 3711 1069 3755 canorus

575 3798 659 3866 Ales
681 3798 983 3889 Hyperboreosque
1006 3824 1147 3889 campos.

490 3953 545 4021 hle
568 3952 711 4020 Colchus
734 3960 777 4034 et,
801 3954 857 4043 qui
879 3953 1068 4022 dissimulat
1089 3960 1212 4022 metum

488 4064 620 4133 Marsae
644 4064 798 4146 cohortis,
821 4065 933 4132 Dacus
957 4073 992 4132 ct
1013 4066 1123 4133 ultimi

530 4175 679 4244 Noscant
704 4174 832 4257 Geloni,
854 4199 906 4243 me
930 4178 1076 4265 *peritus

574 4284 692 4355 Disoet
713 4286 820 4354 Hiber
841 4288 1063 4377 Rhodanique
1083 4294 1189 4377 potor.

488 4443 613 4509 Absint
634 4442 725 4508 inani
747 4444 863 4509 funere
886 4443 1003 4509 neniae

488 4554 678 4643 Luctusque
701 4559 816 4641 turpes
839 4561 874 4619 et
896 4553 1137 4643 querimoniae3

532 4665 700 4754 Conpesce
725 4665 900 4732 clamorem
923 4689 961 4732 ac
980 4665 1124 4754 sepulcri

574 4776 676 4844 Mitte
699 4798 922 4866 supervacuos
942 4778 1091 4844 honores
