3567 5700
796 576 1000 637 crannum

483 762 531 828 Et
554 761 714 851 quidquid
734 784 873 850 usquam
896 760 1082 848 concipitur
1103 759 1196 826 noina

483 873 668 953 'Praetavit
690 896 771 958 agro
796 874 852 961 qui
875 872 997 939 statuit
1018 893 1089 938 meo

526 984 573 1051 Te
595 985 693 1051 triete
716 985 851 1070 lignum,
873 991 909 1051 te
933 983 1091 1050 caducum

571 1096 610 1161 In
634 1095 757 1162 domini
780 1102 880 1183 caput
902 1094 1105 1162 inmerentia.

484 1267 573 1349 Quid
596 1268 733 1358 quisque
756 1268 851 1348 vitet,
875 1290 1053 1356 numquam
1075 1265 1199 1332 homini
1222 1264 1306 1331 satie

484 1379 660 1447 Cautumet
680 1380 713 1446 in
738 1380 854 1447 horae:
877 1379 996 1446 navita
1019 1377 1227 1466 Bosphorum

526 1491 666 1580 Thynua
687 1491 913 1578 perhorrescit
935 1512 1039 1579 neque
1061 1489 1152 1556 ultra

570 1601 678 1671 Caeca
699 1603 838 1670 timetve
860 1602 995 1670 aliunde
1018 1602 1100 1680 fata,

482 1776 580 1843 Miles
603 1776 747 1862 sagittas
769 1780 804 1842 et
826 1775 966 1841 celerem
988 1776 1100 1859 fugam

485 1887 610 1967 Parthi,
634 1894 768 1954 catenas
791 1887 939 1953 Parthus
960 1893 996 1952 et
1016 1885 1141 1952 Italum

524 1999 655 2082 Robur;
678 1999 736 2066 sed
758 1999 928 2087 inprovisa
950 1996 1011 2063 leti

569 2111 630 2176 Via
651 2111 766 2198 rapuit
787 2110 960 2199 rapietque
982 2114 1107 2194 gentes.

482 2282 588 2364 Quam
612 2305 716 2370 pacuo
738 2284 855 2348 tinuae
878 2305 981 2367 regua
1004 2279 1224 2369 Proserpinae

481 2394 530 2460 Et
550 2394 751 2460 iudicantem
774 2393 918 2460 vidimus
941 2393 1088 2460 Aeacum

525 2501 694 2595 Sedesquc
716 2505 880 2571 discretas
901 2505 1030 2592 piorum
1053 2512 1088 2570 et-

565 2615 694 2683 Aooliie
716 2615 837 2682 fidibus
859 2621 1053 2704 querentem

481 2786 615 2878 Sappho
638 2788 757 2877 puellis
779 2787 820 2855 de
842 2786 1056 2876 popularibus

480 2901 527 2966 Et
547 2907 582 2967 te
608 2907 780 2967 certantem
801 2900 931 2987 plenius
954 2921 1062 2978 aureo,

523 3010 656 3080 Alcaee.
680 3011 807 3099 plectro
831 3011 916 3078 dura
937 3011 1041 3080 naris·

568 3123 659 3189 Ibuu
682 3125 782 3208 fugae
805 3122 902 3202 mala,
926 3122 1010 3189 dura
1030 3121 1119 3188 belli.

480 3295 665 3383 Vtrumque
688 3317 782 3361 sacro
805 3294 906 3380 digno
929 3292 1062 3359 silentio

481 3407 649 3473 Mirantur
669 3407 804 3472 umbrae
829 3405 955 3474 dicere:
978 3404 1037 3470 sed
1060 3403 1166 3488 magis

525 3517 659 3600 Pugnan
682 3525 717 3583 et
739 3523 875 3583 exactos
900 3523 1064 3603 tpranuos

571 3629 716 3695 Densumr
737 3628 860 3694 umeris
882 3627 966 3693 bibit
991 3647 1071 3692 atrro
1095 3626 1221 3710 volgus.

481 3801 569 3882 Quid
593 3799 724 3867 mirum.
747 3799 804 3864 ubi
826 3798 894 3863 illis
917 3797 1115 3865 mrmiuibue
1139 3809 1277 3883 stupens

484 3910 638 3978 Itourittit
661 3922 755 3977 atras
777 3910 874 3976 belua
898 3910 1066 3996 centiceps

524 4023 636 4089 Aures
658 4031 692 4088 et
715 4022 835 4088 intorti
857 4020 986 4108 capilli<

569 4132 788 4200 Eumenidum
808 4142 1003 4198 recreantur
1025 4137 1174 4216 angues?

481 4305 569 4386 Quin
590 4319 624 4370 ct
649 4302 867 4370 Prometheus
892 4314 926 4366 et
949 4300 1083 4390 Pelopis
1105 4323 1227 4390 pareus

482 4416 581 4482 Dulci
604 4415 750 4482 laborem
774 4413 941 4500 decipitur
964 4436 1043 4479 sono

524 4527 595 4594 Nec
618 4541 712 4594 curat
737 4525 840 4592 Orion
862 4524 974 4590 leones

570 4639 639 4704 Aut
663 4635 797 4704 timidos
819 4636 951 4720 agitare
976 4634 1099 4722 lyncas.
