3567 5700
967 590 1174 659 CARMINVM

1012 937 1120 1011 XIII.

655 1090 836 1172 Audivere,
859 1090 961 1180 Lyce,
984 1091 1019 1156 di
1040 1113 1115 1158 mea
1136 1095 1226 1170 vote,
1250 1090 1284 1157 di

655 1201 836 1283 Audivere,
859 1202 966 1290 Lyce:
989 1203 1030 1269 fis
1052 1226 1135 1269 anns
1157 1208 1324 1269 ettamen

698 1314 759 1381 Vis
781 1315 925 1381 formosa
946 1313 1055 1381 videri

741 1426 914 1517 Ludisque
937 1430 973 1492 et
993 1425 1080 1493 bibis
1101 1424 1264 1515 inpudens

655 1616 702 1682 Et
722 1621 825 1682 cantu
845 1615 989 1682 tremulo
1011 1621 1092 1703 pota
1114 1613 1312 1704 Cupidinem

654 1727 798 1794 Lentum
821 1726 991 1794 sollicitas.
1035 1726 1099 1793 IIle
1122 1725 1265 1793 virentis
1291 1735 1327 1792 et

696 1838 824 1905 Doctae
847 1837 991 1927 psallere
1015 1836 1119 1904 Chiae

739 1950 893 2018 Pulchris
916 1950 1060 2018 excubat
1081 1950 1117 2016 in
1138 1950 1242 2036 genis.

650 2140 855 2228 Inportunus
877 2139 965 2205 enim
986 2138 1178 2206 transvolat
1201 2137 1315 2205 aridas

653 2250 811 2333 Quercus,
835 2256 870 2317 et
894 2250 1022 2336 refugit
1044 2256 1088 2330 te,
1111 2250 1191 2339 quia
1213 2249 1316 2316 luridi

695 2362 825 2429 Dentes
847 2368 891 2443 te,
914 2363 991 2451 quie
1013 2383 1119 2448 rugae

739 2474 894 2562 rIiupcnt
916 2481 952 2541 et
974 2473 1094 2562 capitis
1116 2473 1220 2539 nives.

652 2662 724 2730 Neo
747 2661 837 2730 Coae
860 2663 1012 2729 referunt
1033 2663 1100 2729 iam
1121 2662 1187 2729 tibi
1208 2684 1377 2750 purpurae

653 2774 724 2843 Nec
746 2775 830 2842 olari
852 2774 983 2864 lapides
1004 2781 1164 2864 tempore,
1187 2796 1272 2865 qnae
1295 2774 1399 2841 semel

695 2887 795 2954 Notis
818 2887 954 2955 condita
976 2887 1076 2955 fastis

738 2999 880 3066 Inclusit
901 2999 1048 3067 volucris
1070 3000 1151 3067 dies.

653 3186 725 3269 Quo
748 3188 838 3274 fugit
859 3210 973 3268 venus,
996 3187 1069 3270 heu,
1093 3210 1200 3278 quove
1224 3187 1337 3255 color?
1360 3188 1480 3256 decens

652 3298 725 3381 Quo
748 3300 884 3367 motus?
928 3298 1018 3381 Quid
1041 3300 1143 3366 habes
1165 3300 1265 3381 illius,
1288 3300 1388 3380 illius,

696 3410 789 3493 Quae
812 3412 966 3501 spirabat
988 3434 1126 3493 amores,

739 3522 833 3605 Quae
856 3546 908 3591 me
931 3531 1109 3612 surpuerat
1130 3524 1212 3590 mihi

652 3710 749 3778 Felix
771 3719 849 3800 post
870 3711 1027 3779 Cinaram
1050 3720 1194 3802 notaque
1217 3719 1253 3780 et
1275 3713 1398 3780 artium

654 3822 837 3890 Gratarum
858 3823 986 3890 facies?
1030 3822 1097 3891 Sed
1120 3823 1264 3891 Cinarae
1286 3825 1406 3891 breves

694 3933 812 4002 Annos
834 3935 908 4001 fata
930 3935 1103 4016 dederunt,

738 4044 924 4114 Servetura
946 4047 1004 4114 diu
1026 4069 1142 4136 parem

656 4234 805 4302 Cornicis
828 4236 964 4303 vetulae
987 4235 1192 4324 temporibus
1215 4234 1339 4324 Lycen,

654 4346 799 4413 Possent
819 4353 859 4413 ut
880 4347 1019 4414 iuvenes
1040 4346 1150 4414 visere
1174 4346 1296 4414 fervidi

695 4458 803 4525 Multo
826 4481 891 4526 non
914 4458 985 4525 sine
1007 4459 1077 4525 risu

739 4570 916 4659 Dilapsam
937 4570 972 4636 in
992 4570 1120 4637 cineres
1142 4570 1258 4638 facem.

964 4794 1166 4805 ———-.-
