3567 5700
788 587 995 658 chaumvu

493 781 625 849 Nereus
646 781 726 849 fata.
766 779 873 849 ‘Male
895 781 989 848 ducis
1010 780 1067 848 avi
1087 779 1227 861 domum,

495 893 603 978 Quam
624 895 728 962 multo
750 899 883 984 repetet
905 892 1051 961 Graecia
1071 891 1187 974 milite,

494 1006 680 1075 coniurata
701 1014 780 1074 tuas
802 1028 956 1096 rumpere
978 1006 1115 1095 nuptias

537 1120 585 1187 Et
604 1142 744 1208 regnum
765 1118 893 1187 Priami
914 1126 1021 1186 vetus.

493 1291 603 1374 Eheu,
632 1299 777 1383 quantus
800 1292 908 1381 equis,
937 1297 1082 1382 quantus
1103 1291 1201 1357 adest
1221 1289 1304 1356 viris

495 1403 619 1472 Sudor!
641 1411 770 1494 quanta
791 1426 904 1472 moves
925 1404 1044 1471 funera
1065 1402 1247 1470 Dardanae

495 1515 615 1584 Genti!
658 1516 730 1583 Iam
752 1517 884 1602 galeam
905 1516 1019 1584 Pallas
1042 1522 1077 1582 et
1099 1515 1220 1602 aegida

540 1627 731 1720 currusque
754 1634 789 1696 et
812 1629 941 1697 rabiem
961 1634 1071 1718 parat

496 1800 573 1869 Non
595 1801 808 1884 Laertiaden,
830 1802 971 1869 exitium
991 1807 1070 1870 tuae

498 1912 610 1996 (lenti,
631 1938 697 1981 nou
718 1914 853 2003 Pylium
874 1913 1023 1982 Nestora
1045 1913 1209 2002 respicis?

497 2026 653 2113 Vrguent
673 2026 825 2116 inpavidi
846 2033 882 2092 te
906 2025 1108 2094 Salaminius

541 2138 677 2221 Teucer,
696 2145 731 2206 te
754 2137 942 2221 Sthenelus,
968 2139 1075 2207 sciens

498 2277 643 2399 Pugnae,
663 2311 735 2380 sive
758 2335 840 2402 opus
863 2318 917 2380 est
937 2311 1129 2402 imperitare
1152 2310 1254 2399 equis,

499 2423 576 2492 Non
598 2423 717 2511 auriga
738 2424 843 2514 piger.
885 2424 1058 2492 Merionen
1081 2445 1209 2514 quoque

499 2535 634 2605 Nosces.
677 2536 765 2606 Ecce
786 2537 876 2619 furit,
899 2542 935 2604 te
957 2536 1105 2626 reperire
1128 2542 1234 2615 atron

541 2648 690 2739 Tydides
712 2649 829 2717 melior
848 2655 954 2739 patre,

500 2819 606 2904 Quem
627 2827 675 2905 tu
699 2845 817 2891 cervus
839 2822 891 2891 uti
912 2822 1012 2891 vallis
1034 2822 1069 2889 iu
1092 2821 1198 2889 altera

500 2934 617 3002 Visum
641 2941 739 3024 purte
762 2936 876 3025 lupum
897 2935 1056 3022 graminis
1078 2935 1244 3014 inmemor,

501 3045 640 3115 Sublimi
661 3047 772 3135 fugies
793 3047 904 3115 mollis
926 3047 1084 3127 anhelitu

543 3158 620 3227 Nou
642 3159 704 3228 hoc
723 3160 895 3250 pollicitus
916 3166 1005 3228 tuae.

501 3331 712 3423 Nequiquam
733 3333 875 3402 Veneris
898 3333 1066 3424 praesidio
1088 3335 1182 3400 ferox

356 3485 360 3490 -
500 3444 621 3512 Pectes
645 3446 826 3514 caesariem
849 3451 1014 3536 grataque
1036 3445 1168 3513 feminis

502 3556 623 3623 Inbelli
647 3557 778 3625 cithara
800 3558 946 3626 carmina
969 3557 1133 3643 *divides3

544 3668 755 3760 Nequiquam
776 3670 924 3739 thalamo
947 3694 1068 3758 graves

501 3840 626 3909 Hastae
650 3849 685 3909 et
706 3843 824 3910 calami
848 3842 977 3932 spicula
999 3840 1113 3910 Cnosii

502 3953 636 4021 Vitabis
658 3956 901 4044 strepitumque
925 3960 961 4021 et
982 3956 1123 4022 celerem
1146 3955 1240 4046 sequi

502 4064 657 4132 Aiacem:
679 4073 798 4146 tamen,
821 4066 887 4134 heu
908 4067 1018 4135 serus!
1040 4067 1210 4135 adulteros

546 4176 663 4246 Crines
686 4179 824 4267 pulvere
847 4178 993 4247 collinee.

503 4350 668 4418 Iracunda
690 4350 778 4418 diem
799 4353 949 4441 proferet
969 4351 1033 4419 Ilio

502 4462 731 4553 Matronisque
753 4463 927 4552 Phrygum
950 4464 1065 4532 classis
1086 4463 1248 4549 Achillei;

502 4574 586 4643 Post
608 4583 717 4643 certas
739 4575 864 4643 hiemes
886 4582 964 4643 uret
983 4576 1151 4644 Achaicus

546 4689 640 4775 Ignis
663 4689 865 4776 Pergameas
890 4684 1018 4756 domos?
