3567 5700
794 601 999 662 CARMINVM

849 888 953 962 XXI.

506 1041 534 1108 Ο
557 1049 637 1109 nata
658 1064 785 1109 meeum
807 1040 940 1108 consule
963 1041 1095 1123 Manlio,

506 1152 573 1221 Seu
594 1159 634 1221 tn
655 1152 820 1243 querellas
842 1152 914 1221 sive
936 1153 1026 1240 geris
1048 1155 1137 1223 iocos

548 1264 616 1333 Seu
636 1266 742 1333 rixam
765 1269 801 1332 et
822 1265 955 1333 insanos
978 1289 1106 1335 amores

591 1376 658 1446 Seu
679 1376 817 1458 facilem,
839 1376 897 1466 pia
918 1382 1015 1459 testa,
1037 1403 1193 1461 somnum,

407 1631 410 1638 .
507 1568 719 1658 Quocumque
741 1568 864 1634 lectum
885 1568 1016 1636 nomine
1038 1568 1216 1637 Massicum

506 1678 637 1760 Servos,
659 1680 784 1747 moveri
807 1679 910 1766 digna
932 1681 1016 1747 bono
1039 1680 1102 1762 die,

548 1792 723 1860 Descende
746 1791 889 1859 Corvino
912 1792 1046 1860 iubente

590 1905 746 1973 Promere
767 1903 979 1991 languidiora
1001 1906 1087 1972 vina.

506 2096 580 2163 Non
603 2094 669 2176 ille,
692 2119 887 2186 quamquem
911 2093 1089 2162 Socraticis
1111 2095 1222 2162 madet

506 2206 726 2288 Semonibus,
752 2214 787 2274 te
810 2208 961 2295 neglegit
983 2206 1153 2274 horridus:

549 2320 718 2388 Narratur
741 2327 776 2387 et
796 2320 897 2408 prisci
923 2319 1060 2388 Catonis

592 2430 699 2520 Saepe
721 2455 811 2500 mero
837 2432 976 2499 omnisne
998 2431 1115 2501 virtus.

507 2624 558 2692 'Itu
579 2625 653 2691 lena
676 2629 878 2690 tormentum
900 2622 1033 2709 ingenio
1056 2623 1212 2692 admoves

506 2737 702 2825 Plerumque
726 2736 824 2820 dur03
846 2740 885 2802 tu
908 2735 1107 2823 sapientium

550 2849 655 2917 Curae
677 2856 713 2917 et
732 2872 886 2917 arcanum
908 2848 1016 2915 iocoso

593 2959 774 3030 Consilium
795 2960 923 3047 retegis
946 2960 1078 3048 Lyaeo;

506 3152 557 3219 Tu
579 3174 670 3240 spem
693 3151 824 3220 reducis
846 3151 1013 3218 mentibus
1035 3152 1142 3220 anxiis

506 3264 669 3355 Viresque
693 3270 728 3331 et
750 3264 846 3332 addis
869 3287 992 3332 cornua
1013 3265 1159 3354 pauperi,

550 3377 633 3445 Post
653 3383 689 3445 te
712 3400 818 3468 neque
840 3378 947 3444 iratos
968 3376 1126 3444 trementi

593 3488 724 3576 Regum
746 3491 855 3580 apices
879 3512 985 3579 neque
1009 3490 1152 3556 militum
1175 3514 1272 3559 arma

507 3680 555 3747 Te
576 3678 678 3746 Liber
701 3686 736 3746 et
755 3679 784 3747 si
806 3681 897 3747 laeta
919 3679 1028 3747 aderit
1049 3679 1163 3748 Venus

508 3790 697 3881 Segneaque
717 3792 838 3858 nodum
861 3794 990 3860 solvere
1014 3791 1155 3860 Gratiae

551 3903 721 3993 Vivaeque
743 3905 929 3992 producent
949 3906 1112 3984 lucernae,

593 4016 682 4084 Dum
701 4016 834 4085 rediens
856 4018 953 4104 fugat
975 4025 1069 4086 astra
1086 4017 1248 4087 Phoebus

835 4448 960 4524 XXIL

509 4602 672 4670 Montium
695 4610 805 4671 eustos
828 4627 1068 4695 nemorumque,
1091 4609 1195 4694 virgo,

510 4715 602 4797 Quae
624 4716 813 4783 laborantes
835 4724 931 4786 utero
954 4719 1082 4807 puellas

509 4828 575 4894 Ter
595 4834 714 4895 vocata
736 4829 831 4897 audis
853 4831 1033 4921 adimisque
1056 4833 1133 4913 leto,

550 4940 641 5008 Diva
658 4942 827 5023 triformis,
