3567 5700
827 901 972 979 XXIII.

481 1055 580 1122 Vitae
601 1056 711 1123 inuleo
734 1078 784 1123 me
806 1056 932 1137 similis,
955 1054 1067 1139 Chloe,

482 1166 664 1249 Quaerenti
684 1168 839 1255 pavidam
860 1168 1027 1235 montibus
1049 1168 1134 1235 aviis

524 1279 668 1346 Matrem
688 1303 753 1346 non
776 1279 847 1346 aine
869 1301 956 1347 vano

567 1388 735 1457 Auremm
758 1398 794 1457 et
816 1391 923 1458 siluae
946 1397 1046 1458 metu.

481 1577 567 1646 Nam
590 1600 650 1647 seu
671 1580 845 1647 mobilibus
867 1580 981 1667 vepris
1002 1579 1169 1647 inhorruit

481 1690 538 1757 Ad
559 1697 696 1758 ventum
716 1691 814 1772 foliis,
837 1713 897 1759 seu
917 1691 1043 1761 virides
1064 1692 1183 1760 rubum

524 1802 702 1870 Dimovere
725 1803 878 1883 lauertm,

567 1913 615 1980 Et
636 1914 735 1982 eorde
759 1922 794 1982 et
815 1915 956 2001 genibus
978 1915 1101 1983 tremit

480 2100 587 2191 Atqui
607 2126 673 2169 non
696 2125 758 2190 ego
779 2109 815 2170 te
836 2104 937 2190 tigris
959 2112 998 2172 nt
1019 2126 1138 2194 aspera

482 2213 687 2282 Gaetulusve
709 2215 762 2282 leo
784 2215 940 2302 ffangere
957 2238 1151 2306 persequor:

524 2325 671 2393 Tandem
692 2326 806 2395 desine
828 2334 967 2394 matrem

566 2437 780 2526 Tempestiva
801 2440 895 2528 sequi
916 2439 998 2506 viro.

812 2833 978 2912 XXIIII.

481 2985 564 3068 Quis
587 2986 751 3055 desiderio
774 2988 820 3055 sit
842 2987 949 3078 pudor
971 2995 1033 3056 ant
1054 2989 1170 3057 modus

480 3098 562 3165 'Iam
585 3099 652 3166 curi
675 3099 820 3187 eapitis?
860 3100 1021 3190 Praecipe
1042 3101 1202 3187 lugubres

481 3209 620 3292 Cantus,
642 3210 863 3299 Melpomene,
884 3212 938 3279 eni
960 3212 1119 3302 liquidam
1140 3221 1238 3302 peter

523 3322 647 3390 Voeem
670 3347 742 3390 oum
765 3323 897 3391 eithara
918 3324 1020 3392 dedit

479 3509 571 3597 Ergo
594 3509 792 3593 Quintilium
811 3518 995 3600 perpetuus
1016 3536 1116 3603 sopor

480 3620 635 3708 Vrguet?
681 3620 744 3689 Oui
765 3622 879 3690 Pudor
903 3632 938 3691 et
960 3625 1099 3692 Iustitia
1121 3632 1157 3693 et
1183 3647 1284 3707 soror,

479 3732 678 3822 Incorrupta
700 3734 810 3815 Fides,
831 3735 985 3826 nudaque
1008 3736 1146 3805 Veritas

523 3843 662 3926 Quando
684 3846 789 3914 ullum
810 3846 960 3915 inveniet
980 3850 1120 3936 parem?

480 4031 596 4099 Multis
616 4031 673 4100 ille
696 4034 791 4102 bonis
814 4034 936 4103 flebilia
959 4037 1089 4119 oceidit

480 4141 573 4210 Nulli
596 4144 739 4211 flebilior
760 4170 856 4234 quam
878 4148 951 4228 tibi,
974 4148 1114 4236 Vergili

479 4253 530 4320 'In
550 4254 676 4323 bontra
697 4257 773 4344 pius
794 4258 860 4324 heu
880 4282 946 4325 non
967 4260 1018 4326 ita
1039 4260 1202 4329 creditum

522 4366 636 4434 Poseis
659 4366 856 4449 Quintilium
879 4370 969 4437 deos.

480 4551 569 4634 Quid
592 4554 621 4621 si
642 4555 794 4624 Threicio
816 4557 972 4627 blandius
995 4558 1128 4649 Orpheo

478 4663 641 4731 Auditum
663 4667 834 4735 moderere
857 4670 1030 4738 arboribus
1051 4672 1174 4739 fidem?

480 4775 566 4842 Num
590 4800 695 4843 vanae
718 4780 837 4847 redeat
860 4783 996 4867 sanguis
1018 4784 1164 4870 imagini,

522 4886 631 4967 Quam
653 4890 751 4975 virga
773 4892 874 4957 semel
897 4893 1041 4973 horrida,
