3567 5700
813 573 1016 634 CARMINVM

535 762 655 828 Fortes
676 764 832 826 creantur
852 758 994 824 fortibus
1017 762 1052 823 et
1071 755 1183 839 bonis;

537 873 601 941 Est
622 873 656 939 in
678 869 835 951 iuvencis,
858 869 967 938 estin
989 867 1082 958 equis
1104 872 1237 957 patrum

578 984 704 1064 Virtus,
724 1004 828 1072 neque
851 981 1006 1049 inbellem
1028 981 1155 1048 feroces

621 1097 851 1184 Progenerant
873 1092 1005 1182 aquilae
1027 1092 1217 1160 columbam

536 1304 698 1372 Doctrina
718 1302 778 1371 sed
799 1301 867 1369 vim
889 1307 1062 1389 promovet
1084 1298 1228 1380 insitam,

536 1417 699 1504 Rectique
721 1415 830 1482 cultus
852 1417 990 1502 pectora
1011 1412 1184 1494 roborant;

579 1528 763 1618 Vtcumque
787 1526 937 1593 defecere
958 1546 1074 1605 mores,

621 1640 833 1707 Dedecorsnt
853 1638 937 1705 bene
960 1642 1040 1704 neta
1062 1636 1187 1725 culpae.

536 1846 775 1930 emtionem,
798 1867 816 1911 o
839 1843 955 1924 Roma,
976 1842 1173 1923 Neronibus,

535 1959 647 2027 Testis
664 1957 854 2025 Metaurum
870 1957 992 2022 flumen
1011 1961 1047 2022 et
1062 1954 1256 2022 Hasdrubal

578 2071 741 2139 Devictus
762 2075 798 2136 et
819 2069 957 2157 pulcher
978 2067 1105 2154 fugatis

621 2183 684 2251 Ille
705 2183 777 2250 dies
798 2182 898 2249 Latio
918 2180 1075 2261 tenebris,

536 2390 601 2474 Qui
623 2390 748 2480 primus
769 2389 858 2456 alme
877 2388 956 2456 risit
978 2386 1109 2468 adorea,

536 2504 638 2571 Dirus
660 2525 720 2592 per
740 2502 839 2569 urbes
860 2500 945 2567 Afer
966 2510 1006 2567 nt
1026 2500 1131 2566 Italas

579 2613 649 2683 Cen
669 2615 802 2682 flamma
823 2635 884 2703 par
905 2612 1025 2681 taedas
1045 2611 1101 2679 vel
1122 2611 1232 2679 Eurus

620 2726 687 2794 Per
707 2725 837 2794 Siculas
859 2724 1023 2815 equitavit
1044 2723 1158 2791 undas.

535 2937 617 3004 Post
638 2935 700 3003 hoo
721 2932 875 3002 secundis
896 2954 1002 3023 usque
1023 2932 1194 3001 laboribus

535 3048 685 3115 Romana
708 3047 812 3136 pubes
835 3045 950 3127 crevit
972 3051 1008 3112 et
1027 3045 1118 3135 inpio

577 3159 725 3228 Vastata
745 3158 932 3227 Poenorum
953 3158 1100 3225 tumultu

620 3271 715 3339 Fana
737 3271 817 3339 deos
838 3270 985 3338 habuere
1006 3277 1124 3339 rectos.

534 3478 695 3567 Dixitque
717 3478 852 3545 tandem
874 3476 1021 3566 perfidus
1042 3477 1226 3544 Hannibal:

529 3587 645 3657 ‘Cervi
666 3591 818 3678 luporum
839 3590 966 3679 praede
987 3590 1158 3678 rapacium

578 3701 750 3770 Sectamnr
771 3703 869 3783 ultro,
893 3726 975 3793 qnos
997 3702 1126 3791 opimus

619 3814 751 3882 Fallere
775 3820 810 3881 et
832 3814 1016 3901 effugerest
1035 3813 1232 3904 triumphus.

535 4021 634 4102 Gens,
657 4044 741 4111 quae
765 4027 910 4088 cremato
932 4021 1030 4089 fortis
1053 4021 1094 4089 ab
1114 4021 1178 4088 Ilio

534 4135 666 4202 lactata
688 4134 805 4201 'luscis
826 4133 1025 4223 aequoribus
1048 4156 1144 4200 sacra

576 4246 749 4335 Notosque
772 4251 982 4335 maturosque
1005 4251 1121 4335 patres

618 4357 766 4425 Pertulit
785 4357 955 4426 Ausonias
978 4357 1021 4425 ad
1043 4359 1150 4439 urbes,

532 4565 636 4631 Duris
656 4569 695 4630 ut
717 4564 785 4630 ilex
807 4569 907 4631 tonsa
927 4564 1118 4652 bipinnibus

533 4677 660 4764 Nigrae
682 4676 784 4743 feraci
807 4676 934 4743 frondis
956 4677 990 4743 in
1013 4677 1146 4763 Algido,

577 4789 642 4857 Per
665 4788 792 4870 damna,
814 4811 874 4877 per
897 4788 1024 4869 caedes,
1048 4790 1089 4856 ab
1112 4790 1184 4879 ipso

618 4901 722 4968 Ducit
744 4923 823 4990 opes
846 4900 1055 4991 animumque
1076 4901 1173 4971 ferro.
