3567 5700
700 561 817 624 LIBER
838 563 888 622 ΙΙΙ.

403 745 511 836 Atqui
532 746 660 814 sciebat
681 769 766 836 quae
788 746 853 815 sibi
874 748 1033 815 barbarus

403 857 525 925 Tortor
545 862 699 946 pararet;
719 882 786 925 non
808 858 910 926 aliter
929 865 1043 926 tamen

445 969 597 1036 Dimovit
619 969 789 1037 obstantes
810 969 1012 1060 propinquos

487 1079 534 1146 Et
554 1080 712 1169 populum
733 1080 862 1149 reditus
883 1086 1067 1149 morantem

403 1232 511 1314 Quam
532 1234 561 1300 si
584 1233 741 1302 clientum
767 1235 867 1320 longa
889 1235 1025 1321 negotia

402 1344 598 1413 Diiudicata
619 1344 680 1412 lite
702 1346 917 1435 relinqueret,

445 1454 599 1523 Tendens
620 1455 829 1525 Venafranos
850 1456 885 1522 iu
908 1480 1007 1542 agros

488 1565 561 1634 Aut
581 1566 879 1635 Lacedaemonium
903 1567 1093 1635 Tarentum.

691 1783 892 1795 nnn-—

762 1927 827 2002 VI.

402 2081 536 2148 Delicta
557 2081 717 2149 maiorum
739 2081 913 2148 inmeritus
935 2082 1015 2162 lues,

403 2192 560 2272 Romane,
583 2191 687 2259 donec
709 2192 835 2280 templa
856 2193 1014 2260 refeceris

444 2302 622 2393 Aedesque
642 2304 793 2370 labentes
819 2303 955 2390 deorum
977 2312 1013 2371 et

488 2412 602 2481 Foeda
623 2414 718 2499 nigro
743 2414 919 2482 simulacra
940 2417 1036 2482 fumo.

403 2569 465 2635 Dis
486 2578 520 2634 te
543 2569 702 2635 minorem
724 2569 812 2658 quod
833 2570 933 2655 geris,
956 2570 1114 2659 imperas:

404 2680 489 2746 Hinc
511 2701 605 2746 omne
627 2679 833 2767 principium,
852 2681 917 2747 huc
938 2683 1028 2748 refer
1050 2681 1183 2748 exitum.

444 2791 490 2858 Di
512 2791 618 2859 multe
638 2791 784 2879 neglecti
808 2790 973 2860 dederunt

486 2902 672 2991 Hesperiae
694 2903 782 2970 mala
803 2904 982 2971 luctuosae.

403 3057 473 3124 Iam
494 3057 546 3125 bis
568 3056 743 3125 Monaeses
766 3065 801 3124 et
822 3058 940 3124 Pacori
961 3081 1076 3124 manus

403 3168 477 3234 Non
500 3169 690 3256 auspicatos
711 3168 863 3235 contudit
884 3169 1028 3257 impetus

444 3278 588 3347 Nostros
611 3287 645 3346 et
667 3280 828 3347 adiecisse
850 3279 1009 3368 praedam

487 3391 675 3481 Torqnibus
697 3391 828 3477 exiguis
848 3391 989 3458 renidet.

403 3544 513 3613 Paene
537 3552 730 3633 occupatam
753 3545 972 3613 seditionibus

403 3657 540 3724 Delevit
560 3658 675 3723 urbem
696 3657 807 3724 Dacus
830 3663 865 3723 et
884 3656 1060 3744 Aethiops,

446 3768 511 3836 Hie
533 3770 639 3835 classe
661 3766 865 3848 formidatus,
887 3768 945 3834 ille

487 3878 671 3947 Missilibus
690 3878 807 3945 melior
828 3878 973 3963 sagittis.

402 4041 560 4110 Fecunda
580 4041 695 4124 culpae
717 4041 850 4109 saecula
871 4041 1008 4130 nuptias

403 4152 549 4220 Primum
571 4152 786 4242 inquinavere
809 4157 844 4219 et
866 4175 972 4238 genus
994 4158 1029 4219 et
1051 4151 1180 4219 domos:

444 4263 517 4331 Hoc
539 4265 632 4331 fonte
654 4262 807 4331 derivate
828 4263 941 4331 clades

488 4375 529 4441 ln
550 4375 693 4463 patriam
715 4374 937 4465 populumque
959 4374 1066 4441 fluxit

403 4535 515 4604 Motus
538 4536 649 4603 doceri
669 4535 796 4621 gaudet
815 4536 947 4603 Ionicos

404 4646 536 4715 Acerba
555 4648 651 4733 virgo
675 4654 710 4713 et
731 4648 870 4733 fingitur
891 4647 1020 4715 artibus

446 4757 519 4824 Iam
540 4782 626 4826 nunc
649 4766 683 4825 et
705 4760 849 4826 incestos
869 4779 997 4825 amores

488 4870 540 4935 De
562 4875 677 4937 tenero
700 4870 880 4937 meditatur
903 4869 1015 4956 ungui
