3567 5700
791 600 997 664 CARMINVM

526 785 693 873 Suspirat:
717 784 824 865 ‘eheu
847 809 887 852 ne
910 787 1004 852 rudia
1026 787 1194 872 agminum

525 896 671 986 Sponsus
693 898 835 964 lacessat
857 899 971 984 regius
993 920 1146 986 asperum

568 1009 675 1075 Tactu
697 1010 833 1090 leonem,
856 1032 952 1099 quem
976 1016 1115 1077 cruenta

610 1120 676 1185 Per
696 1120 823 1187 medias
845 1122 937 1209 rapit
958 1122 1010 1187 ira
1031 1117 1163 1188 caedea’

525 1274 632 1341 Dulce
655 1282 690 1340 ct
713 1274 902 1343 decorumst
924 1299 984 1364 pro
1007 1276 1120 1364 patria
1142 1275 1235 1341 mori.

525 1384 617 1451 Mors
640 1391 675 1451 et
696 1387 849 1473 fugacem
870 1388 1085 1475 persequitur
1106 1387 1217 1454 virum

569 1496 639 1563 Nec
659 1498 769 1584 parcit
791 1498 924 1564 inbellis
945 1499 1104 1565 iuventae
1191 1545 1193 1549 ,

610 1608 795 1697 Poplitibus
816 1608 1000 1699 timidoque
1022 1615 1127 1696 tergo.

525 1762 651 1842 Virtus,
673 1764 827 1852 repulsae
849 1764 963 1831 nescia
985 1763 1149 1845 sordidae,

526 1874 739 1942 Intaminatis
761 1876 869 1961 fulget
891 1875 1071 1944 honoribus

570 1986 641 2054 Nec
664 1987 765 2053 sumit
786 1993 846 2054 eut
867 1988 964 2076 ponit
986 2009 1118 2054 secures

613 2099 766 2165 Arbitrio
788 2099 960 2188 popularia
983 2120 1091 2165 aurae.

526 2252 653 2333 Virtus,
676 2253 850 2320 recludens
873 2253 1038 2319 inmeritis
1060 2254 1144 2319 mori

528 2362 673 2445 Caelum,
697 2370 822 2450 negata
843 2370 990 2452 temptat
1011 2365 1077 2430 iter
1098 2365 1163 2445 vie,

571 2474 759 2565 coetusque
782 2477 939 2562 volgares
962 2482 997 2543 et
1018 2475 1119 2543 udam

614 2585 750 2675 Spernit
773 2587 908 2654 humum
930 2588 1079 2673 fugiente
1102 2587 1213 2676 pinna.

527 2740 592 2807 Est
616 2748 651 2806 et
672 2741 765 2808 fideli
786 2747 863 2808 tuta
885 2742 1020 2808 silentio

527 2853 671 2919 Merces:
694 2854 824 2933 vetabo,
847 2854 905 2943 qui
928 2852 1060 2920 Cereris
1083 2876 1213 2921 sacrum

572 2964 728 3051 Volgarit
749 2986 900 3045 arcanae,
923 2965 983 3032 sub
1005 2965 1110 3032 isdem

615 3075 668 3143 Sit
687 3078 838 3143 trabibus
860 3076 1078 3166 fragilemque
1098 3098 1226 3143 mecum

529 3228 647 3297 Solvet
666 3230 842 3318 phaselon;
869 3254 969 3320 saepe
992 3232 1166 3321 Diespiter

530 3341 713 3427 Neglectae
738 3343 864 3410 incesto
889 3342 1021 3409 addidit
1045 3344 1220 3430 integrum,

571 3453 663 3520 Raro
687 3454 940 3521 antecedentem
963 3456 1138 3521 scelestum

615 3564 776 3632 Desemit
798 3565 883 3654 pede
907 3565 1018 3633 Poena
1039 3565 1165 3634 claudo.

865 3934 935 4011 111.

530 4082 661 4154 Iustum
683 4094 718 4154 et
739 4095 890 4156 tenacem
912 4088 1076 4177 propositi
1095 4088 1204 4156 virum

529 4197 605 4265 Non
627 4200 747 4265 civium
771 4199 870 4266 ardor
890 4223 996 4287 prava
1017 4201 1211 4282 iubentium

573 4310 647 4377 Non
671 4312 783 4377 voltus
806 4311 966 4378 instantis
988 4314 1127 4401 tyranni

615 4421 730 4489 Mente
752 4424 862 4512 quatit
883 4422 991 4490 solida
1012 4446 1119 4513 neque
1142 4425 1278 4506 Auster,

530 4576 609 4642 Dux
629 4577 769 4666 inquieti
791 4577 946 4644 turbidus
968 4577 1126 4660 Hadriae,

529 4684 601 4753 Nec
622 4688 830 4755 fulminantis
853 4712 974 4775 magna
996 4691 1130 4756 manus
1152 4690 1257 4774 Iovis;

573 4796 609 4863 Si
631 4798 759 4866 fractus
779 4799 950 4866 inlabatur
971 4802 1068 4880 orbis,

614 4909 815 4999 Inpavidum
836 4912 961 4979 ferient
981 4913 1106 4980 ruinae.
