3567 5700
807 618 1011 682 CARMINVM

477 805 542 871 Hie
564 804 636 870 dies
658 826 743 870 anno
764 803 925 871 redeunte
947 804 1053 870 festus

479 915 645 982 Corticern
665 914 863 982 adstrictum
885 916 959 1003 pioe
982 914 1164 981 dimovebit

478 1028 669 1115 Amphorae
691 1028 814 1094 firmum
836 1028 949 1094 bibere
972 1026 1147 1092 institutae

523 1138 664 1205 Consule
687 1139 792 1206 Tullo,

479 1292 586 1374 Sume,
608 1293 790 1372 Maecenas,
813 1292 956 1381 cyathos
978 1292 1076 1358 amiei

479 1404 623 1494 Sospitis
648 1411 779 1472 eentum
801 1409 836 1471 et
858 1403 980 1490 vigiles
1000 1404 1152 1470 lueernas

479 1517 596 1583 Perfer
618 1517 650 1582 in
674 1517 798 1582 lucem:
820 1515 934 1603 procul
959 1515 1064 1581 omnis
1083 1520 1156 1581 esto

523 1627 656 1694 Clamor
679 1633 714 1694 et
735 1628 795 1693 ire.

479 1783 579 1849 Mitte
602 1782 717 1849 civiles
741 1803 840 1869 super
861 1781 943 1847 urbe
963 1802 1076 1846 ouras:

480 1892 611 1962 Occidit
630 1893 717 1960 Daoi
739 1891 907 1959 Cotisonis
930 1914 1058 1979 agmen,

479 2004 598 2072 Medus
619 2005 761 2072 infestus
783 2005 847 2070 sibi
869 2003 1030 2070 luctuosis

524 2117 674 2184 Dissidet
697 2117 806 2195 armis,

481 2270 593 2337 Servit
613 2269 784 2358 Hispanae
807 2275 906 2336 vetus
927 2269 1035 2334 hostis
1057 2291 1134 2335 orae

481 2381 657 2462 Cantaber,
680 2403 756 2449 sera
778 2382 923 2448 domitus
945 2386 1072 2459 eatena,

480 2492 552 2560 Iam
573 2491 721 2581 Scythae
745 2493 821 2560 laxo
844 2492 1050 2559 meditantur
1072 2513 1151 2558 arou

524 2603 650 2671 Cedere
672 2605 805 2692 eampis.

480 2758 680 2845 Neglegens‚
703 2780 812 2848 nequa
833 2757 975 2846 populus
997 2757 1136 2836 laboret,

480 2871 584 2937 Parce
604 2870 756 2959 privatus
779 2870 915 2935 nimium
937 2891 1056 2936 cavere
1080 2875 1115 2935 et

480 2982 578 3048 Dona
597 2982 784 3070 praesentis
807 3003 887 3069 cape
909 2980 1019 3047 laetus
1040 2981 1150 3061 horae,

523 3092 651 3183 Linque
674 3115 801 3160 severa.

830 3453 956 3528 v1111.

477 3603 605 3672 ‘Donec
626 3611 743 3691 gratus
769 3627 859 3671 eram
881 3606 946 3671 tibi

524 3715 595 3783 Neo
621 3717 794 3805 quisquam
821 3717 933 3805 potior
959 3717 1114 3783 braoohia
1146 3716 1307 3784 candidae

482 3827 613 3896 Cervioi
634 3828 764 3894 iuvenis
787 3828 897 3908 dabat,

524 3940 703 4007 Persarum
725 3939 820 4025 vigui
841 3961 921 4024 rege
943 3936 1095 4006 beatior!

477 4092 606 4162 ‘Donee
627 4118 692 4161 non
715 4094 782 4161 alia
802 4094 911 4182 magis

523 4207 651 4274 Arsisti
673 4228 779 4295 neque
804 4214 879 4274 erat
901 4205 1012 4297 Lydia
1033 4212 1110 4295 post
1134 4204 1267 4288 Chloen,

482 4318 581 4386 Multi
603 4318 715 4407 Lydia
737 4318 878 4385 nominis

525 4428 675 4495 Romana
698 4429 792 4514 vigui
815 4428 934 4494 clarior
954 4424 1035 4494 Ilia'

477 4587 547 4656 ‘Me
568 4614 655 4656 nuno
677 4590 822 4657 Thressa
845 4589 947 4657 Chloe
969 4592 1069 4677 regit,

525 4700 649 4767 Dulees
672 4701 769 4768 doeta
792 4701 907 4768 modos
929 4708 964 4769 et
986 4703 1135 4770 citharae
1158 4705 1273 4785 sciens,

483 4812 549 4879 Pro
572 4836 636 4901 qua
659 4837 723 4879 non
747 4818 894 4880 metuam
915 4815 1007 4894 mori,

527 4923 564 4990 Si
582 4930 720 5012 pareant
744 4925 872 4992 animae
895 4926 966 4991 fata
990 4924 1184 5014 superstiti'
