3567 5700
744 604 862 666 LIBER
882 606 905 667 1.

413 787 500 871 Quid
522 789 615 878 prius
636 789 745 858 dicem
766 791 876 858 solitis
898 792 1049 881 parentis

413 901 591 982 Laudibus,
615 903 671 990 qni
692 924 748 970 ros
769 902 937 970 hominnm
959 927 999 972 sc
1022 903 1166 985 deornm,

413 1012 477 1096 Qui
500 1036 593 1080 mere
615 1019 651 1081 et
675 1019 787 1082 terres
806 1015 975 1104 vmiisque
997 1016 1154 1084 mundum

453 1124 634 1214 Temperat
656 1125 772 1194 horis?

410 1332 506 1400 Vnde
530 1332 578 1399 nil
599 1332 706 1401 meins
728 1340 913 1420 generetur
934 1334 1015 1423 ipso,

410 1443 482 1512 Neo
500 1444 596 1531 viget
617 1444 792 1535 quicquam
814 1446 922 1514 simile
945 1453 1005 1513 ent
1027 1448 1213 1516 secundnm

410 1557 583 1625 Proximos
603 1557 655 1624 illi
676 1563 788 1625 temen
810 1559 987 1646 occupabit

452 1668 567 1738 Pelles
588 1669 738 1749 honores,

409 1875 552 1945 Proeliis
574 1876 699 1962 endem
722 1899 828 1968 neque
850 1884 886 1946 te
908 1879 1022 1961 silebo,

410 1988 520 2070 Liber,
542 1995 578 2057 et
599 1989 710 2058 saevis
731 1989 866 2059 inimico
885 1991 983 2078 virgo

408 2100 532 2183 Belum,
555 2108 679 2183 necte,
703 2103 878 2171 metuende
900 2109 993 2171 certe

451 2212 585 2282 Phoebe
607 2214 743 2302 sagitte

409 2421 527 2488 Dicam
550 2427 586 2488 et
606 2419 750 2489 Alciden
771 2445 958 2513 puerosque
981 2423 1104 2504 Ledae,

408 2533 505 2601 Hunc
528 2534 630 2623 equis,
652 2533 746 2601 illum
768 2556 928 2624 superero
950 2536 1072 2625 pugnis

408 2645 577 2730 Nobilem;
600 2670 737 2735 quorum
758 2647 857 2715 simul
879 2646 956 2715 elba
978 2648 1089 2715 nentis

450 2756 558 2825 Stella
579 2758 721 2840 refulsit,

407 2965 536 3034 Defluit
555 2966 646 3034 sexis
671 2966 822 3053 agitatus
842 2966 967 3048 humor,
1077 3056 1080 3062 Ι

408 3077 596 3146 concidunt
617 3078 711 3146 venti
732 3077 930 3168 fugiuntque
953 3080 1064 3161 nubes,

408 3189 455 3258 Et
475 3189 597 3274 minsx,
619 3190 713 3259 ‘scum
733 3191 782 3259 sic
805 3192 951 3273 voluere,
972 3197 1076 3282 ponto

449 3302 549 3371 Vnde
569 3302 740 3371 recumbit

407 3510 583 3578 Romulum
604 3516 682 3601 post
700 3511 761 3579 hos
783 3512 876 3600 prius
899 3536 942 3579 sn
964 3512 1113 3603 qnietnm

407 3623 549 3711 Pompili
571 3645 710 3710 regnum
731 3645 907 3691 memorem
933 3649 976 3692 an
998 3626 1158 3713 superbos

407 3735 568 3824 Tarquini
589 3735 697 3803 fasces
720 3735 836 3804 dubito
858 3760 902 3804 an
923 3734 1062 3805 Catonis

447 3847 568 3915 Nobile
591 3848 704 3916 letum.

407 4052 583 4142 [Regulum
603 4061 639 4122 et
659 4053 800 4124 Scauros
822 4056 1017 4147 animosque
1039 4079 1181 4144 magnae

406 4167 587 4255 Prodigum
608 4166 750 4236 Paulum
772 4174 952 4258 superante
975 4168 1087 4238 Poeno

408 4278 533 4347 (iratus
552 4279 677 4367 insigni
699 4281 842 4350 referem
864 4304 1001 4350 comens

447 4392 709 4483 Fabriciumque.

407 4597 502 4666 Hune
524 4604 560 4665 ct
580 4598 756 4689 incomptis
779 4597 916 4667 Curium
937 4600 1067 4690 capillis

407 4711 530 4778 Vtilom
554 4712 640 4779 bello
661 4711 743 4779 tulit
765 4718 800 4779 et
823 4710 997 4779 Camillum

408 4820 515 4890 Saeve
535 4829 719 4911 paupertas
740 4829 778 4891 ct
799 4824 913 4892 avitus
936 4829 1010 4891 mto
1142 4829 1145 4836 '

448 4933 531 5003 Cum
551 4935 624 5004 lere
643 4934 785 5023 fundus]
