3567 5700
872 461 994 523 LIBER.

502 645 605 714 Mella
626 668 708 715 cava
727 652 865 714 manant
887 669 929 714 ax
950 647 1034 727 ilice,
1056 648 1223 715 montibus
1245 648 1325 715 altis

545 757 648 826 Levis
670 766 828 847 crepante
850 759 989 848 lympha
1010 759 1125 826 desilit
1145 759 1238 848 pede.

502 869 577 938 lllic
598 870 744 938 iniussae
765 871 907 938 veniunt
929 870 1136 969 admulctra
1157 871 1314 959 capellae,

543 981 730 1071 Refertque
752 987 849 1050 tenta
865 1004 950 1069 grex
972 983 1096 1050 amicus
1117 984 1228 1064 ubera,

501 1093 574 1162 Nec
595 1093 807 1182 vespertinus
830 1094 1059 1181 circumgemit
1079 1117 1177 1162 ursus
1199 1094 1295 1176 ovile,

543 1204 617 1273 Nec
636 1205 830 1273 intumescit
852 1205 923 1273 alta
943 1206 1070 1295 viperis
1090 1206 1217 1287 humus,

502 1316 606 1384 Nulla
627 1322 748 1386 nocent
767 1317 881 1406 pecori
902 1318 1065 1405 contagia,
1088 1318 1212 1386 nullius
1234 1318 1320 1386 astri

545 1426 692 1516 Gregem
713 1435 871 1496 aestuosa
891 1435 1001 1497 torret
1019 1429 1214 1519 inpotentia.

502 1539 666 1630 Pluraque
688 1541 803 1608 felices
825 1541 1027 1622 mirabimur,
1049 1547 1089 1608 ut
1110 1563 1216 1630 neque
1236 1541 1343 1628 largis

545 1651 701 1742 Aquosus
722 1652 834 1719 Eurus
856 1674 939 1719 arua
959 1651 1062 1719 radat
1082 1652 1251 1734 imbribus,

501 1762 646 1851 Pinguia
667 1785 728 1831 uec
750 1763 847 1831 siccis
868 1769 1011 1830 urantur
1033 1764 1159 1831 semina
1180 1764 1316 1851 glaebis,

544 1874 731 1965 Vtrumque
754 1896 835 1962 rege
856 1881 1065 1964 temperante
1089 1875 1255 1943 caelitum.

501 1985 576 2054 Nou
599 1985 665 2055 huc
685 1986 802 2074 Argoo
825 1986 998 2055 contendit
1019 1987 1145 2074 remige
1167 1988 1274 2076 pinus,

543 2097 661 2188 Neque
682 2099 840 2188 inpudica
862 2097 995 2167 Colchis
1016 2099 1134 2166 intulit
1155 2099 1287 2187 pedem;

501 2208 578 2277 Non
599 2209 664 2278 huo
686 2209 815 2279 Sidonii
834 2217 1008 2278 torserunt
1030 2233 1152 2279 cornua
1171 2216 1304 2292 nautae,

543 2321 729 2390 Laboriosa
751 2345 813 2390 nec
834 2324 951 2390 cohors
973 2323 1095 2402 Vlixei.

501 2433 655 2522 Iuppiter
675 2434 735 2502 illa
755 2435 833 2523 piae
855 2436 1001 2502 secrevit
1024 2436 1126 2503 litora
1148 2435 1250 2521 genti,

544 2544 593 2613 Vt
612 2546 802 2635 inquinavit
823 2567 901 2614 aere
926 2552 1058 2636 tempus
1080 2568 1224 2631 aureum,

502 2657 601 2738 Aere,
623 2657 742 2725 dehinc
763 2659 853 2726 ferro
877 2658 1012 2726 duravit
1035 2661 1175 2740 saecula,
1198 2681 1336 2748 qnorum

544 2769 615 2837 Piis
637 2769 783 2837 secunda
804 2777 885 2837 vate
906 2792 959 2837 me
981 2771 1082 2838 datur
1103 2771 1193 2859 fuga.

819 3007 1024 3014 ——---.--

457 3324 542 3394 ‘Iam
563 3328 630 3395 iam
652 3326 782 3395 efficaci
804 3328 846 3395 do
868 3352 984 3395 manus
1007 3328 1174 3409 scientiae,

458 3439 605 3529 Supplex
629 3446 664 3508 et
686 3463 743 3508 oro
766 3462 872 3527 regna
894 3462 954 3529 per
975 3440 1203 3529 Proserpinae,

457 3552 523 3621 Per
545 3560 581 3620 et
601 3553 731 3620 Dianae
754 3576 818 3619 non
841 3551 1004 3619 movenda
1025 3553 1167 3633 numina,

457 3664 523 3732 Per
546 3672 645 3754 atque
667 3664 771 3731 libros
793 3665 974 3731 carminum
995 3664 1179 3731 valentium

456 3776 575 3844 Refixa
597 3776 689 3843 caelo
712 3776 876 3843 devocare
899 3775 1017 3857 sidera,

457 3887 606 3970 Canidia,
627 3909 728 3976 parce
752 3887 889 3955 vocibus
910 3888 1048 3955 tandem
1070 3887 1174 3956 sacris

457 3998 632 4090 Citumque
654 4006 747 4066 retro
769 3999 870 4081 solve,
892 4001 984 4068 solve
1006 4000 1188 4068 turbinem!

456 4111 566 4180 Movit
587 4117 742 4200 nepotem
765 4110 932 4200 Telephus
953 4111 1121 4192 Nereium,

455 4223 496 4290 In
519 4245 615 4313 quem
636 4225 799 4312 superbus
822 4224 995 4291 ordinarat
1020 4223 1153 4310 agmina

455 4334 628 4424 Mysorum
651 4335 743 4402 etin
765 4358 861 4425 quem
882 4337 953 4403 tela
974 4344 1072 4403 acute
1094 4340 1247 4401 torserat.

455 4446 591 4514 Vuxere
612 4453 738 4515 matres
761 4447 846 4515 Iliae
867 4447 1038 4515 addictum
1060 4447 1142 4513 feris

456 4558 606 4627 Alitibus
628 4566 727 4649 atque
751 4559 888 4626 canibus
910 4560 1106 4626 homicidam
1127 4557 1315 4639 Hectorem,

456 4670 639 4761 Postquam
660 4670 788 4738 relictis
810 4671 981 4738 moenibus
1002 4693 1062 4737 rex
1084 4670 1230 4759 procidit

458 4782 535 4849 Heu
554 4782 739 4871 pervicacis
763 4781 808 4849 ad
828 4783 931 4871 pedes
954 4783 1107 4850 Achillei.
