3567 5700
684 634 687 638 “
745 605 862 667 LIBER
882 606 946 666 1111.

474 789 553 858 Sive
577 814 659 879 qnos
678 789 764 858 Elea
786 791 917 858 domum
937 791 1068 859 reducit

474 902 590 970 Palma
612 902 776 970 caelestes
796 903 987 992 pugilemve
1010 926 1171 994 equumve

474 1014 567 1082 Dicit
588 1019 624 1082 et
645 1020 777 1084 centum
798 1016 929 1105 potiore
951 1016 1056 1103 signis

515 1125 654 1195 Munere
676 1127 786 1210 donat

473 1333 595 1401 Flebili
617 1357 759 1423 sponsae
781 1335 977 1403 iuvenemve
998 1341 1132 1424 raptum

473 1445 590 1513 Plorat
608 1451 645 1513 et
665 1446 755 1515 vires
779 1447 986 1538 animumque
1010 1470 1182 1538 moresque

473 1557 604 1626 Aureus
626 1557 739 1628 educit
759 1559 794 1627 in
817 1566 911 1628 astra
932 1560 1093 1650 nigroque

514 1670 651 1738 Invidet
671 1669 765 1738 Orco.

472 1877 582 1945 Multa
602 1878 782 1945 Dircaeum
803 1879 896 1946 levat
916 1902 999 1946 nura
1021 1902 1167 1968 cycnum,

473 1988 603 2071 Tendit
624 1989 760 2071 Antoni,
781 1991 935 2080 quotiens
956 1992 992 2058 in
1013 1991 1101 2059 altos

473 2101 617 2169 Nubium
639 2108 777 2170 tractus.
819 2103 894 2191 Ego
917 2104 992 2193 apis
1012 2104 1160 2171 Matinae

514 2213 607 2282 More
628 2213 790 2305 modoque

474 2419 582 2488 Grata
604 2422 773 2510 carpentis
794 2422 914 2510 thyma
934 2443 995 2511 per
1015 2422 1163 2489 laborem

472 2532 655 2600 Plurimum
678 2534 767 2601 circa
787 2555 903 2601 nemus
925 2534 1082 2624 uvidique

472 2644 606 2713 Tiburis
627 2645 720 2734 ripas
741 2667 882 2734 operose
903 2669 1028 2735 parvus

515 2755 670 2825 Carmina
691 2757 789 2845 fingo.

472 2965 651 3034 *concines
671 2965 794 3034 maiore
814 2971 916 3054 poete
936 2966 1063 3056 plectro

473 3077 656 3158 Caesarem,
678 3078 874 3167 quandoque
896 3079 1011 3147 trahet
1031 3079 1158 3146 feroces

471 3190 536 3258 Per
554 3213 684 3258 sacrum
708 3190 828 3258 clivum
850 3191 972 3258 merita
992 3191 1131 3259 decorus

513 3302 645 3371 Fronde
665 3301 883 3391 Sygambros;

472 3509 543 3593 Quo
566 3509 649 3577 nihil
668 3510 775 3578 maius
796 3510 956 3577 meliusve
978 3510 1079 3577 terris

471 3621 557 3690 Fata
577 3622 744 3690 donavere
766 3621 907 3710 bonique
930 3621 999 3689 divi

471 3733 541 3801 Nec
563 3733 699 3815 debunt,
724 3734 875 3824 quamvis
897 3734 1037 3801 redeant
1058 3733 1092 3799 in
1115 3756 1231 3800 aurum

512 3845 675 3935 Tempora
696 3846 847 3935 priscum.

472 4052 651 4120 *concines
673 4053 844 4142 laetosque
868 4052 939 4119 dies
962 4057 997 4118 et
1019 4052 1111 4119 urbis

471 4164 643 4232 Publicum
665 4165 776 4232 ludum
799 4186 900 4253 super
921 4165 1092 4253 inpetrato

471 4276 583 4346 Fortis
604 4276 753 4363 Augusti
775 4275 888 4343 reditu
909 4276 1081 4366 forumque

513 4389 646 4457 Litibus
668 4389 790 4456 orbum.

472 4596 553 4662 Tum
575 4617 675 4675 meae,
697 4595 806 4685 siquid
827 4595 944 4683 loquor
964 4593 1171 4673 audiendum,

471 4707 570 4776 Vocis
593 4707 730 4775 accedet
749 4707 836 4774 bona
858 4729 945 4795 pars,
968 4712 1004 4772 et
1028 4701 1063 4772 ‘o
1086 4706 1135 4772 sol

472 4819 622 4899 Pulcher,
645 4842 664 4885 0
686 4813 880 4885 laudandei’
908 4841 1020 4884 canam
1043 4824 1178 4907 recepto

514 4930 658 4999 Caesare
679 4930 770 4998 felix.
