3567 5700
787 573 993 634 OARMINVM

499 759 616 827 Visam
635 758 817 825 Britannos
839 759 1027 847 hospitibus
1048 758 1137 824 feros

499 870 547 937 Et
566 871 691 938 laetum
715 868 834 959 equino
863 870 1024 955 sanguine
1051 867 1250 943 Concanum,

544 980 659 1048 Visam
681 980 896 1069 pharetratos
919 979 1063 1047 Gelonos

586 1092 634 1159 Et
656 1090 850 1180 Scythicum
869 1091 1051 1158 inviolatus
1074 1111 1210 1156 amnem

501 1282 571 1349 Vos
595 1280 771 1349 Caesarem
794 1280 908 1358 altum,
930 1277 1051 1346 militia
1071 1279 1170 1346 simul

501 1394 624 1460 Fessas
645 1393 798 1460 cohortes
820 1390 950 1457 abdidit
973 1389 1111 1478 oppidis,

545 1503 659 1570 Finire
681 1508 895 1593 quaerentem
916 1502 1047 1569 labores

586 1615 697 1682 Pierio
720 1614 879 1680 recreatis
903 1620 1009 1680 antro.

503 1819 573 1887 Vos
594 1821 668 1887 lenc
692 1819 863 1886 consilium
885 1826 921 1886 et
942 1819 1033 1886 datis
1054 1826 1089 1884 et
1110 1819 1190 1884 dato

505 1931 678 2011 Gaudetis,
701 1931 815 1997 almeo.
860 1929 996 2010 Scimus,
1018 1937 1057 1996 ut
1079 1929 1187 2017 inpios

547 2043 687 2109 Titanas
709 2043 951 2131 immanemque
972 2043 1106 2107 turbam

590 2153 742 2220 Fuhnine
765 2153 940 2220 sustulerit
964 2152 1114 2231 †caduco,

506 2358 572 2440 Qui
592 2365 719 2426 terram
742 2359 889 2438 inertem,
914 2358 969 2446 qui
992 2381 1082 2425 mare
1104 2363 1272 2446 temperat

505 2471 688 2538 Ventosum
709 2476 744 2536 et
766 2470 899 2536 umbras
921 2491 1091 2558 regnaque
1112 2469 1226 2537 tristia

549 2582 719 2670 Divosque
742 2580 965 2670 mortalesque
985 2587 1114 2648 turmas

591 2693 737 2780 Imperio
759 2692 954 2778 regitanus
977 2715 1090 2781 aequo.

505 2901 664 2986 Magnum
686 2899 747 2966 illa
768 2905 932 2967 terrorem
954 2899 1117 2965 intulerat
1136 2898 1210 2966 Iovi

506 3011 630 3078 Fidens
653 3010 810 3077 iuventus
832 3009 969 3077 horrida
991 3010 1154 3077 bracchiis

549 3122 751 3210 Fratresque
775 3121 952 3188 tendentes
976 3145 1078 3209 opaco

592 3231 709 3299 Pelion
731 3232 917 3320 inposuisse
941 3233 1092 3320 Olympo.

507 3439 574 3505 Sed
593 3439 672 3528 quid
694 3437 874 3526 Typhoeus
897 3446 932 3504 et
954 3438 1086 3505 validus
1106 3438 1226 3505 Mimas

508 3549 581 3616 Aut
604 3549 685 3639 quid
705 3549 827 3617 minaci
848 3547 1060 3638 Porphyrion
1084 3556 1185 3629 statu,

550 3660 639 3742 Quid
659 3660 811 3727 Rhoetus
834 3661 1020 3748 evolsisque
1043 3661 1171 3727 truncis

592 3771 781 3838 Enceladus
803 3771 969 3853 iaculator
995 3771 1105 3839 audax

509 3976 636 4044 Contra
657 3983 831 4044 sonantem
852 3976 1002 4043 Palladis
1025 3977 1144 4062 acgida

509 4087 653 4156 Possent
674 4089 834 4155 ruentes?
878 4087 966 4154 Hinc
988 4087 1107 4154 avidus
1129 4088 1227 4154 stetit

552 4199 729 4278 Volcanus,
752 4198 829 4265 hino
851 4206 1004 4265 matrona
1026 4200 1108 4266 Iuno
1132 4204 1167 4264 et

593 4308 783 4396 Numquam
804 4309 927 4376 umeris
948 4310 1119 4396 positurus
1142 4332 1262 4388 areum,

510 4515 576 4597 Qui
597 4535 672 4580 rore
693 4537 776 4603 puro
801 4512 969 4580 Castaliae
991 4514 1077 4580 lavit

511 4626 628 4693 Crines
651 4625 785 4705 solutos,
808 4624 864 4714 qui
886 4624 1013 4712 Lyciae
1036 4630 1130 4692 tenet

490 4760 491 4763 ¹
554 4737 701 4802 Dumeta
722 4736 931 4825 natalemque
954 4736 1082 4814 silvam,

596 4847 714 4913 Delius
737 4855 772 4913 et
792 4846 955 4914 Patareus
978 4847 1107 4940 Apollo.
