3567 5700
325 1043 407 1125 Quid
428 1041 493 1109 tibi
515 1042 577 1123 vis,
599 1041 717 1108 mulier
738 1041 844 1128 nigris
867 1041 1062 1127 dignissima
1082 1044 1213 1110 barris?

361 1154 503 1222 Munera
525 1176 584 1222 cnr
605 1153 686 1221 mihi
708 1153 831 1243 quidve
854 1154 997 1222 tabellas

317 1267 437 1348 Mittis,
459 1288 521 1335 nec
540 1267 634 1334 firmo
656 1265 770 1333 iuveni
791 1288 898 1356 neque
921 1266 1011 1334 naris
1033 1268 1177 1334 obesae?

359 1379 511 1468 Namque
533 1378 687 1465 sagacius
709 1400 794 1445 unus
817 1376 945 1459 odoror,

311 1491 468 1580 Polypus
490 1514 535 1558 an
558 1490 672 1579 gravis
691 1490 832 1557 hirsutis
853 1491 953 1558 cubet
973 1489 1085 1558 hircus
1106 1491 1141 1558 in
1163 1490 1237 1573 alis,

362 1601 468 1685 Quam
490 1601 582 1670 canis
605 1624 690 1683 acer,
714 1600 772 1669 ubi
795 1601 902 1668 lateat
923 1625 987 1669 sus.

307 1715 385 1797 Qui
407 1714 509 1782 sudor
529 1713 630 1781 vietis
652 1718 689 1781 et
711 1735 809 1803 quam
830 1713 937 1781 malus
959 1713 1104 1803 undique
1126 1716 1280 1783 membris

362 1825 492 1895 Crescit
514 1826 602 1906 odor,
624 1848 698 1894 cum
720 1847 805 1914 pene
827 1825 937 1893 soluto

306 1938 519 2007 Indomitum
540 1943 699 2027 properat
719 1937 844 2004 rabiem
865 1936 993 2018 sedare,
1014 1961 1120 2028 neque
1141 1938 1193 2005 illi

361 2051 435 2118 Iam
455 2055 570 2118 manet
589 2049 702 2117 umida
724 2056 816 2116 creta
838 2048 991 2139 colorque

307 2162 474 2231 Stercore
495 2162 627 2237 fucatus
649 2161 813 2242 crocodili,
834 2161 965 2251 iamque
988 2161 1136 2230 subando

361 2275 472 2343 Teuta
493 2274 615 2342 cubilia
635 2279 790 2364 tectaque
812 2272 945 2362 rumpit.

312 2387 383 2455 ‘Vel
404 2410 479 2456 mea
501 2410 600 2477 qnam
620 2387 729 2456 saevis
751 2386 861 2472 agitat
881 2385 1021 2454 fastidia
1045 2386 1172 2455 verbis:

361 2498 513 2569 ‘Inachia
533 2500 674 2587 langues
696 2499 804 2566 minus
826 2521 865 2566 ae
886 2521 953 2582 me;

314 2613 489 2680 Inachiam
511 2618 566 2679 ter
586 2617 683 2681 nocte
705 2618 809 2699 potes,
831 2611 913 2677 mihi
935 2632 1066 2700 semper
1089 2611 1132 2678 ad
1153 2635 1254 2678 unum

361 2724 474 2793 Mollis
495 2748 587 2813 opus.
629 2724 752 2791 Pereat
772 2722 868 2804 male,
890 2745 974 2812 quse
994 2727 1030 2790 te

323 2838 442 2906 Lesbia
463 2835 638 2921 quaerenti
659 2841 792 2904 taurum
811 2835 1012 2904 monstravit
1034 2835 1183 2917 inertem,

363 2949 446 3018 Cum
467 2949 548 3018 mihi
571 2947 659 3017 Cous
680 2948 816 3016 adesset
835 2947 1013 3037 Amyntas,

324 3062 422 3131 Cuius
444 3063 479 3129 in
501 3061 662 3130 indomito
686 3062 894 3129 constantior
915 3059 1051 3147 inguine
1073 3082 1205 3142 nervus,

363 3174 471 3257 Quam
493 3198 554 3242 sua
576 3173 714 3241 collibus
737 3174 836 3240 arbor
859 3171 1022 3240 inhaeret.

323 3286 502 3355 Muricibus
522 3286 636 3375 Tyriis
657 3285 803 3352 iteratae
824 3284 952 3353 vellera
973 3284 1069 3352 ianae

363 3399 425 3467 Cui
447 3397 734 3488 properabantrm?
777 3395 854 3463 Tibi
876 3419 1001 3487 nempe,

324 3512 371 3580 Ne
392 3514 482 3580 foret
504 3510 659 3601 aequales
680 3510 769 3576 inter
791 3508 939 3591 conviva,
960 3509 1067 3597 magis
1089 3531 1186 3599 quem

362 3624 532 3711 Diligeret
552 3622 670 3689 mulier
690 3644 752 3688 sua
774 3644 872 3711 quam
894 3626 938 3687 te.

325 3737 432 3824 Oego
454 3759 520 3803 non
542 3734 634 3816 felin,
657 3757 756 3824 quam
778 3738 819 3801 tu
839 3733 937 3819 fugis,
960 3738 999 3800 ut
1018 3739 1121 3822 pavet
1142 3754 1237 3800 aeres

362 3846 462 3935 Agna
484 3848 581 3936 lupos
603 3867 808 3936 capreaeque
829 3839 964 3913 leones'

781 4216 890 4291 XIII.

323 4375 466 4443 Horrida
483 4379 667 4463 tempestas
690 4371 816 4439 caelum
837 4369 1013 4450 contraxit,
1035 4374 1070 4436 et
1092 4369 1215 4436 imbres

362 4486 532 4576 Nivesque
556 4485 724 4552 deducunt
744 4484 873 4567 Iovem3
902 4505 988 4549 nunc
1010 4503 1112 4561 mare,
1134 4504 1221 4549 nunc
1244 4480 1349 4548 siluae

322 4598 473 4666 Threicio
496 4598 649 4688 aquilone
672 4602 800 4665 sonant.
844 4593 1035 4682 Rapiamns‚
1059 4592 1184 4672 *amici,

362 4710 578 4778 Occasionem
602 4709 642 4776 de
664 4708 727 4790 die,
750 4707 891 4796 dumque
913 4706 1025 4773 virent
1047 4727 1156 4791 genua

323 4823 367 4890 Et
389 4823 494 4904 decet,
516 4821 659 4890 obducta
681 4820 831 4888 solvatur
852 4819 962 4886 fronte
985 4822 1147 4886 senectus.

362 4934 414 5002 Tu
435 4934 516 5004 vina
537 4933 706 5025 Torquato
727 4953 822 5001 move
842 4929 977 5000 consule
998 4951 1115 5019 pressa
1135 4950 1216 4998 meo.
