3567 5700
795 575 1001 638 CARMINVM

318 818 320 822 Α
451 760 487 828 Si
509 759 585 846 figit
606 759 838 844 adamantinos

493 871 635 939 Summis
659 870 839 940 verticibus
862 871 937 939 dira
957 872 1151 941 Necessitas

451 983 581 1064 Clavus
603 1008 667 1050 non
692 984 836 1050 animum
857 990 957 1065 metu,

492 1096 568 1164 Non
592 1096 709 1163 mortis
730 1095 859 1185 laqueis
880 1096 1037 1186 expedies
1057 1102 1166 1187 caput

453 1284 664 1375 Campestres
688 1286 806 1353 melius
828 1285 986 1374 Scythae,

495 1397 641 1479 Quorum
663 1399 815 1487 plaustra
837 1422 944 1485 vagas
970 1399 1036 1466 rite
1063 1400 1205 1467 trahunt
1227 1398 1349 1479 domos,

384 1559 386 1562 ψ
452 1510 581 1577 Vivunt
601 1517 637 1577 et
658 1510 761 1598 rigidi
784 1509 903 1591 Getae,

492 1623 662 1690 Inmeteta
683 1623 801 1713 quibus
821 1623 940 1710 iugera
960 1622 1083 1691 liberas

451 1831 580 1917 Fruges
603 1836 638 1896 et
661 1827 817 1896 Cererem
839 1830 953 1897 ferunt

495 1941 567 2009 Nec
588 1942 720 2009 cultura
741 1942 853 2030 placet
872 1941 1004 2028 longior
1025 1965 1142 2023 annua,

452 2055 718 2143 Defunctumque
742 2053 911 2121 laboribus

495 2165 639 2258 Aequali
661 2171 793 2235 recreat
815 2173 906 2234 sorte
928 2165 1082 2234 vicarius.

452 2375 527 2443 Illic
548 2381 655 2443 matre
678 2375 868 2442 carentibus

496 2486 666 2575 Privignis
687 2486 807 2554 mulier
828 2492 997 2574 temperat
1018 2486 1182 2566 innocens,

450 2599 522 2668 Nec
548 2599 664 2667 dotata
685 2599 775 2686 regit
797 2599 906 2665 virum

496 2712 648 2780 Coniunx
670 2733 729 2779 nec
750 2710 858 2778 nitido
881 2710 957 2778 fidit
979 2710 1141 2791 adultero,

450 2921 521 2988 Dos
543 2926 595 2987 est
617 2942 739 3006 magne
758 2919 947 3008 parentium

493 3033 611 3100 Virtus
634 3039 669 3099 et
690 3038 841 3099 metuens
864 3031 1004 3099 alterius
1029 3031 1095 3099 viri

452 3143 552 3213 Certo
576 3145 710 3213 foedere
734 3143 882 3225 castitas,

493 3257 541 3325 Et
562 3279 699 3347 peccare
721 3256 815 3325 nefas
837 3261 898 3324 aut
919 3255 1098 3345 pretiumst
1118 3254 1211 3322 mori

451 3465 478 3532 0
502 3466 650 3557 quisquis
672 3466 764 3533 volet
785 3464 896 3553 inpiae

494 3577 622 3645 Caedes
645 3585 680 3645 et
700 3577 826 3645 rabiem
847 3576 967 3643 tollere
990 3575 1136 3655 civicam,

451 3690 487 3758 Si
511 3698 651 3781 quaeret
673 3688 827 3756 PATER
849 3687 1032 3755 VRBIVM

495 3801 664 3871 Subscribi
684 3802 816 3883 statuis,
836 3798 1032 3867 indomitam
1054 3798 1176 3866 audeat

452 4012 636 4078 Refrenare
657 4009 836 4089 licentiam,

495 4122 614 4190 Clarus
637 4120 855 4212 postgenitis:
881 4126 1052 4208 quatenus,
1075 4118 1141 4186 heu
1162 4119 1265 4197 nefas,

451 4235 621 4302 Virtutem
643 4234 838 4301 incolumem
861 4230 998 4311 odimus,

494 4345 666 4414 Sublatam
689 4368 730 4412 ex
751 4345 855 4412 oculis
877 4343 1068 4433 quaerimus
1088 4341 1203 4409 invidi

452 4554 540 4635 Quid
562 4554 678 4621 tristes
701 4551 935 4642 querimoniae,

496 4668 618 4734 Sinon
641 4666 802 4755 supplicio
826 4664 924 4753 culpa
946 4661 1123 4744 reciditur;

452 4778 541 4861 Quid
562 4779 655 4865 leges
677 4778 748 4845 sine
771 4776 916 4845 moribus

494 4890 611 4963 Venae
633 4889 835 4984 proficiunt?
862 4889 892 4958 si
915 4910 1020 4980 neque
1042 4883 1182 4954 fervidis
