3567 5700
816 589 934 650 LIBER
951 591 973 650 1.

378 768 473 859 [Quis
492 771 637 840 hiantem
654 773 769 841 tuniea
789 778 917 842 tectum
938 774 1154 844 adamantina

378 883 489 970 Digne
513 884 688 972 scripserit
709 891 770 952 aut
791 886 930 975 pulvere
951 886 1069 955 Troico

378 994 520 1082 Nigrum
542 995 713 1064 Merionen
736 1003 797 1065 aut
819 1020 880 1087 ope
900 997 1049 1067 Palladis

420 1107 575 1197 Tydiden
598 1109 727 1199 superis
748 1108 899 1200 paterni]

378 1262 449 1331 Nos
469 1263 631 1345 convivia,
651 1287 711 1332 nos
732 1266 861 1353 proelia
881 1265 1049 1353 virginum

378 1373 488 1443 Sectis
510 1376 546 1442 in
567 1375 704 1444 iuvenes
726 1377 893 1463 unguibus
914 1378 1041 1446 aerium

379 1485 575 1569 cantamus,
597 1488 706 1569 vacui,
728 1488 801 1557 sive
823 1489 903 1579 quid
925 1490 1060 1572 unimur,

420 1598 497 1669 Non
518 1606 656 1690 praeter
677 1601 813 1670 solitum
834 1601 936 1670 leves.

848 1963 934 2040 VH.

377 2119 581 2188 Laudabunt
601 2119 661 2186 alii
683 2119 807 2187 claram
827 2117 970 2186 Rhodon
992 2125 1053 2186 aut
1075 2119 1263 2207 Mytilenen

421 2232 495 2300 Aut
516 2231 673 2321 Epheson
695 2230 875 2299 bimarisve
899 2229 1053 2298 Corinthi

377 2345 512 2412 hloenia
532 2345 588 2412 vel
609 2342 742 2412 Baccho
762 2342 894 2411 Thebes
917 2344 973 2411 vel
993 2344 1151 2432 Apolline
1173 2344 1323 2431 Delphos

422 2456 576 2544 Insignes
598 2462 659 2525 aut
680 2455 844 2525 Thessala
864 2455 997 2545 Tempe.

378 2611 467 2680 Sunt
488 2612 606 2702 quihus
631 2636 731 2679 unum
758 2635 840 2700 opus
869 2618 923 2680 est
949 2613 1099 2679 intactae
1121 2610 1273 2678 Palladis
1295 2611 1409 2677 urbem
1547 2626 1564 2678 6

423 2723 575 2793 Carmine
596 2729 757 2813 perpetuo
779 2725 948 2791 celebrare
971 2726 1025 2791 let

378 2836 534 2928 Vndique
556 2836 745 2926 decerptam
767 2835 870 2904 fronti
892 2858 1097 2925 praeponere
1120 2835 1251 2903 olivam.

422 2950 588 3019 Plurimus
610 2951 645 3017 in
666 2949 802 3018 Iunonis
825 2948 949 3016 honore

380 3106 508 3197 Aptum
531 3106 621 3175 diuet
643 3106 735 3196 equis
757 3103 870 3192 Argos
893 3104 1046 3194 ditesque
1068 3104 1237 3194 Myoenas.

424 3218 479 3288 Me
501 3242 562 3287 nae
582 3225 651 3287 tam
672 3218 804 3309 patiens
827 3217 1057 3285 Laoedaemon

381 3332 453 3400 Neo
472 3337 542 3400 tam
566 3331 723 3399 Larissae
745 3330 912 3419 percussit
931 3352 1066 3419 campus
1088 3330 1217 3420 opimae

425 3444 531 3528 Quam
554 3443 669 3511 domus
690 3442 864 3543 Albuneae
884 3441 1072 3510 resonantis

383 3600 429 3668 Et
450 3621 610 3689 praeceps
632 3598 722 3665 Anio
745 3622 783 3665 ao
805 3597 944 3664 Tiburni
967 3597 1060 3665 luens
1082 3602 1117 3664 et
1138 3597 1204 3663 uda

423 3711 602 3780 Mobilibus
623 3710 773 3801 pomaria
794 3709 885 3777 rivis.

385 3824 488 3893 Albus
509 3830 549 3891 ut
570 3824 708 3891 obscuro
731 3821 886 3907 deterget
908 3820 1022 3889 nubila
1044 3821 1135 3889 eaelo

425 3935 531 4026 Saepe
552 3935 662 4004 Notus
684 3956 789 4023 neque
809 3934 959 4023 parturit
981 3933 1101 4001 imbres

388 4092 557 4179 Perpetuo,
579 4092 627 4158 sie
649 4098 687 4158 tu
708 4090 842 4178 sapiens
862 4090 959 4156 finire
982 4095 1145 4156 memento

425 4204 613 4271 Tristitiam
636 4203 790 4292 vitaeque
813 4202 944 4269 labores

386 4316 483 4397 Molli,
506 4315 638 4396 Plance,
659 4337 758 4394 mero,
782 4336 841 4382 seu
862 4320 897 4381 te
919 4311 1086 4399 fulgentia
1107 4313 1213 4399 signis

425 4427 548 4497 Castra
568 4434 686 4495 tenent
707 4449 767 4495 sau
789 4426 894 4494 densa
915 4424 1045 4493 tenebit

384 4583 513 4652 Tiburis
536 4583 653 4650 umbra
674 4582 732 4649 tui
777 4582 904 4649 Teucer
926 4580 1097 4647 Salamina
1118 4586 1314 4669 patremque

425 4695 507 4763 Cum
529 4696 672 4781 fugeret
694 4700 806 4761 tamen
829 4693 896 4761 uda
917 4694 1032 4782 Lyaeo

384 4807 546 4897 Tempora
566 4806 709 4896 populea
729 4806 836 4874 fertur
857 4790 1006 4873 vinxisse
1032 4827 1161 4887 corone,

425 4918 479 4989 Sio
498 4920 618 4988 tristes
639 4918 773 4986 adfatus
795 4917 934 4986 amieos:
