3567 5700
735 603 852 666 LIBER
872 605 895 665 I

748 928 891 1003 XXXI.

425 1082 513 1166 Quid
534 1081 725 1150 dedicatum
747 1082 856 1172 poscit
876 1082 1068 1172 Apollinem

423 1194 555 1264 Vates?
598 1192 791 1277 Quidorat
813 1194 997 1283 deputare
1017 1218 1139 1263 novum

465 1305 623 1375 Fundens
645 1306 832 1397 liquorem?
874 1304 952 1374 Non
973 1306 1103 1396 opimae

507 1415 685 1486 Sardiniae
707 1422 841 1506 segetes
862 1418 1000 1498 feraces,

423 1605 498 1674 Non
519 1611 695 1674 aestuosae
717 1607 790 1673 latu
812 1604 991 1673 Calabriae

422 1716 600 1800 Armenta,
622 1741 688 1786 non
710 1741 828 1785 aurum
850 1723 911 1785 aut
932 1718 1015 1784 ebur
1035 1716 1194 1798 Indicum,

464 1829 541 1897 Non
561 1852 650 1911 rura,
673 1852 758 1919 quae
780 1829 871 1897 Liris
894 1829 1010 1920 quieta

507 1940 642 2009 Mordet
664 1964 759 2031 aqua,
779 1940 969 2009 taciturnus
990 1940 1105 2010 amnis.

422 2129 582 2198 Premant
604 2127 763 2196 Calenam
782 2129 868 2197 falce
890 2129 1009 2220 quibus
1033 2128 1128 2197 dedit

423 2241 573 2310 Fortuna
595 2241 709 2324 vitem,
732 2241 828 2310 dives
849 2247 885 2309 et
907 2242 1019 2310 aureis

392 2338 407 2365 ‘
464 2354 634 2423 Mereatur
646 2353 802 2423 exsiccet
824 2353 947 2423 culillis

507 2466 597 2535 Vina
619 2490 681 2534 sua
702 2472 864 2556 reparata
884 2487 1002 2547 merce,

422 2655 485 2723 Dis
507 2677 606 2725 carus
627 2655 720 2744 ipsis,
742 2655 864 2745 quippe
886 2660 942 2723 ter
963 2659 999 2722 et
1022 2660 1143 2743 quater

423 2766 521 2835 Anno
545 2766 695 2835 revisens
717 2788 840 2857 aequor
860 2764 1070 2833 Atlanticum

465 2879 603 2971 Inpune.
646 2879 701 2949 Me
724 2885 868 2969 pascunt
890 2878 1009 2958 olivae,

507 2991 564 3059 Me
588 2991 741 3061 cichorea
763 2991 921 3079 levesque
942 2989 1083 3060 malvae.

423 3178 505 3247 Frui
525 3180 657 3271 paratis
679 3186 716 3248 et
736 3178 849 3247 valido
871 3177 962 3260 mihi,

424 3292 540 3374 Lateo,
563 3292 666 3361 dones
689 3314 728 3359 ae
750 3313 868 3382 precor
889 3292 1025 3378 integra

467 3402 549 3473 Cum
567 3411 688 3486 mente,
709 3425 771 3472 nee
791 3410 926 3494 turpem
946 3407 1116 3472 senectam

509 3516 643 3605 Degere
665 3537 726 3584 nec
749 3516 882 3585 eithara
903 3520 1081 3585 carentem.

735 3907 899 3983 XXXII.

424 4065 601 4134 Poseimur.
646 4062 765 4154 Siquid
786 4062 886 4131 vacui
906 4064 967 4131 sub
990 4064 1107 4130 umbra

425 4176 579 4245 Lusimus
599 4183 718 4257 tecum,
741 4175 830 4266 quod
853 4181 889 4243 et
910 4175 998 4243 hunc
1019 4175 1054 4241 in
1076 4197 1200 4242 annum

423 4289 530 4358 Vivat
552 4294 588 4356 et
607 4287 730 4377 plures,
752 4309 815 4374 age
839 4286 893 4356 dic
915 4286 1083 4368 Latinum,
1223 4340 1226 4344 <

463 4400 614 4480 Barbite,
637 4419 778 4480 carmen,

423 4587 544 4655 Lesbio
566 4587 709 4675 primum
729 4586 899 4654 modulate
922 4587 996 4669 civi,

424 4698 489 4781 Qui
510 4700 605 4766 ferox
626 4697 714 4765 bello
738 4704 851 4766 tamen
873 4699 964 4766 inter
986 4722 1086 4781 arma,

424 4808 502 4878 Sive
523 4810 686 4879 iactatam
707 4808 873 4897 religarat
894 4808 960 4877 udo

465 4920 583 4991 Litore
605 4920 726 5004 navim,
