3567 5700
819 558 976 619 EPODON

478 732 626 812 Pecusve
649 743 800 810 Calabris
826 750 903 809 ente
926 742 1017 810 sidus
1039 742 1203 809 fervidum

522 855 659 923 Lucana
680 861 788 921 mutet
809 855 950 942 pascuis

479 967 595 1056 Neque
617 973 657 1033 ut
678 967 813 1056 superni
834 967 917 1033 villa
936 965 1080 1032 candens
1102 964 1237 1032 'fusculi

522 1079 662 1145 Circaea
683 1084 806 1165 tangat
826 1078 964 1144 moenia

479 1191 569 1259 Satis
592 1211 757 1279 superque
778 1211 830 1256 mc
851 1189 1044 1275 benignitas
1066 1194 1128 1255 tua

521 1304 672 1369 Ditavit:
696 1302 786 1368 haud
806 1322 978 1389 paravero,

479 1415 576 1496 Quod
597 1420 658 1480 aut
679 1436 803 1480 avarus
824 1419 864 1479 ut
885 1411 1044 1480 Chremes
1064 1424 1158 1478 terre
1180 1433 1336 1500 premam,

521 1526 713 1594 Discinctus
736 1531 796 1592 cut
817 1524 955 1613 perdam
976 1544 1088 1613 nepos.

797 1757 1001 1771 -μμ-

873 1920 922 1994 ΙΙ.

477 2072 619 2142 ‘Beatus
640 2075 698 2141 ille
721 2075 778 2164 qui
800 2074 914 2162 procul
937 2074 1091 2160 negotiis,

521 2187 569 2253 Vt
589 2187 701 2274 prisce
723 2208 805 2272 gens
827 2186 1026 2267 mortalium,

477 2298 627 2365 Paterna
648 2321 728 2364 rura
749 2299 854 2365 bobus
878 2304 1014 2365 exercet
1034 2297 1103 2365 suis

521 2408 658 2477 Solutus
681 2411 769 2476 omui
790 2409 926 2476 faenore

477 2521 594 2611 Neque
617 2522 785 2588 excitatur
808 2521 947 2588 classico
968 2521 1064 2587 miles
1085 2521 1174 2587 truci

520 2633 638 2722 Neque
660 2633 776 2700 horret
796 2633 921 2699 iratum
943 2655 1034 2698 mare

477 2746 662 2835 Forumque
684 2746 773 2811 vitat
796 2752 831 2811 et
852 2745 996 2832 superba
1018 2743 1139 2810 civium

519 2857 751 2924 Potentiorum
771 2857 895 2924 limina.

475 2969 567 3056 Ergo
590 2974 649 3036 aut
672 2969 790 3035 adulte
811 2969 932 3035 vitium
953 2968 1138 3056 propagine

519 3080 620 3147 Altae
639 3081 779 3148 maritat
800 3081 940 3168 popuJos

475 3192 681 3282 Inutilcsque
703 3193 788 3259 falce
811 3214 920 3258 ramos
946 3198 1123 3281 amputans

518 3303 699 3372 Feliciores
720 3304 846 3384 inserit,

475 3415 549 3482 Aut
570 3439 688 3504 presse
710 3416 803 3505 puris
825 3415 925 3482 mella
947 3414 1061 3482 condit
1082 3415 1258 3503 amphoris,

518 3527 592 3594 Aut
614 3527 734 3595 tondet
755 3528 905 3594 infirmas
929 3549 1016 3608 oves,

475 3639 548 3707 Aut
569 3641 604 3705 in
626 3640 766 3709 reducta
786 3640 876 3706 valle
897 3639 1115 3725 mugientium

519 3752 720 3840 Prospectat
742 3758 894 3818 errantes
914 3773 1044 3839 greges.

474 3863 539 3931 Vel
561 3886 634 3930 oum
657 3863 811 3930 decorum
832 3864 969 3930 mitibus
991 3863 1098 3952 pomis
1120 3869 1220 3951 caput

517 3974 708 4041 Autumnus
730 3976 821 4062 agris
844 3976 975 4056 extulit,

474 4087 523 4153 Vt
545 4087 673 4173 gaudet
695 4086 835 4153 insitiva
859 4088 1040 4175 decerpens
1063 4086 1146 4174 pira,

518 4197 711 4265 Certantem
733 4204 769 4264 et
790 4222 890 4265 uvam
913 4221 1089 4287 purpurae,

474 4308 548 4389 Qua
569 4316 763 4376 muneretur
783 4316 828 4391 te,
852 4310 982 4399 Priape,
1006 4316 1042 4376 et
1062 4316 1107 4390 te,
1130 4315 1228 4398 pater

517 4417 660 4501 Silvano,
684 4428 778 4488 tutor
799 4422 921 4487 finium.

473 4529 575 4597 Libet
596 4532 707 4598 iacere
728 4533 824 4599 modo
848 4534 909 4599 sub
931 4534 1070 4622 antiqua
1091 4534 1176 4615 ilice,

516 4642 616 4708 Modo
638 4644 673 4710 in
695 4645 807 4711 tenaci
828 4644 988 4730 gramine.

474 4753 652 4821 Labuntur
673 4754 752 4822 aitis
774 4756 910 4822 interim
931 4757 1014 4843 ripis
1038 4779 1154 4846 aquae,

516 4864 710 4950 Queruntur
731 4866 766 4933 in
788 4867 884 4934 silvis
907 4890 994 4949 aves,
