3567 5700
817 558 974 632 uPooou'

456 749 528 818 Neo
550 750 596 819 sit
616 751 744 833 marita
767 772 849 841 quae
868 752 1118 821 rotundioribus

499 862 628 930 Onusta
649 863 740 930 bacis
762 863 917 931 ambulet.

462 974 551 1057 Quid
573 975 661 1065 quod
682 975 788 1043 libelli
810 975 908 1043 stoici
929 975 1019 1042 inter
1040 975 1164 1044 sericos

498 1087 614 1155 Iacere
635 1087 792 1176 pulvillos
814 1088 953 1154 amant?

454 1199 641 1267 Inlitterati
663 1223 741 1266 num
761 1198 868 1286 magis
890 1198 985 1266 nervi
1009 1199 1130 1285 rigent,

497 1309 651 1378 Minusve
672 1311 812 1398 languet
832 1309 1016 1421 fasq‘num?

455 1421 552 1504 Quod
572 1428 612 1490 ut
633 1425 775 1512 superbo
797 1444 957 1511 provoces
979 1424 1020 1489 ab
1044 1421 1189 1510 inguine,

497 1535 563 1602 Ore
585 1535 878 1603 adlaborandumst
898 1535 971 1602 tibi

832 1947 958 2023 VHII.

456 2101 593 2184 Quando
615 2107 786 2190 repostum
808 2099 995 2168 Caecubum
1017 2102 1061 2168 ad
1086 2103 1191 2170 festas
1215 2103 1319 2191 depes

496 2214 634 2283 Victore
655 2214 766 2281 laetus
789 2211 932 2280 Caesare

456 2326 577 2393 Tecum
599 2326 659 2393 sub
682 2325 752 2392 alta
773 2361 816 2370 —
839 2324 888 2392 sio
908 2325 983 2392 Iovi
1004 2332 1136 2412 gratum
1155 2363 1199 2373 -
1216 2326 1321 2407 domo,

496 2438 604 2505 Beate
626 2437 810 2517 Maecenas,
830 2436 943 2503 bibam

456 2549 601 2618 Sonante
623 2549 763 2616 mixtum
784 2547 878 2616 tibiis
900 2571 1032 2616 carmen
1053 2549 1138 2638 lyra,

496 2662 568 2729 Hac
590 2662 737 2743 Dorium,
759 2661 827 2728 illis
849 2662 1049 2730 barbarum?

453 2774 502 2841 Vt
523 2795 636 2865 nuper,
662 2780 757 2842 aetus
777 2796 851 2840 eum
871 2773 959 2841 freto
982 2774 1172 2865 Neptunius

496 2888 575 2955 Dux
597 2887 686 2974 fugit
707 2886 794 2954 ustis
816 2886 966 2969 navibus,

452 2998 601 3067 Minatus
621 2999 698 3067 urbi
718 2999 835 3080 vinela,
857 3020 941 3088 quae
963 2998 1158 3068 detraxerat

497 3110 611 3178 Servis
632 3111 756 3178 amicus
777 3109 923 3200 perfidis.

452 3223 623 3291 Romanus
644 3223 729 3291 eheu
750 3260 793 3269 -
816 3223 944 3311 posteri
965 3224 1134 3311 negabitis
1155 3262 1199 3272 —

495 3335 734 3424 Emancipatus
755 3335 899 3402 feminee

452 3445 536 3514 Fert
556 3448 679 3516 vallum
703 3452 738 3514 et
760 3469 854 3514 arma
875 3446 969 3515 miles
992 3453 1027 3515 et
1049 3448 1248 3537 spadonibus

496 3558 631 3627 Servire
653 3558 785 3646 rugosis
807 3564 928 3647 potest

454 3669 613 3761 Interque
635 3670 732 3759 signa
752 3676 851 3759 turpe
873 3669 1033 3738 militaria

496 3781 554 3850 Sol
573 3782 693 3871 aspioit
715 3781 896 3870 oonopium

453 3893 509 3961 Ad
525 3894 588 3962 hoo
609 3894 789 3961 frementes
811 3898 987 3960 verterunt
1009 3893 1061 3960 bia
1083 3895 1174 3962 mille
1196 3918 1297 3986 equos

497 4004 597 4089 Galli,
620 4012 777 4074 canentes
800 4003 983 4087 Caesarem,

453 4118 697 4209 Hostiliumque
719 4117 853 4184 navium
875 4118 993 4206 †portu
1014 4118 1122 4185 latent

497 4229 631 4319 Puppes
651 4230 879 4297 sinistrorsum
901 4229 998 4297 uitae.

454 4343 491 4410 Io
514 4342 702 4431 Triumphe,
725 4349 765 4409 tu
785 4342 925 4409 moraris
947 4364 1066 4409 aureos

497 4453 622 4523 currus
645 4459 681 4521 et
702 4453 849 4521 intactas
870 4454 996 4521 boves?

453 4568 491 4634 Io
514 4566 701 4655 Triumphe,
723 4588 783 4633 neo
804 4565 999 4652 Iugurthini
1020 4587 1135 4654 parem

496 4679 585 4746 Belli
605 4678 787 4767 reportasti
810 4676 927 4744 duoem

454 4790 572 4879 Neque
593 4789 795 4871 Africanum,
817 4789 870 4857 eui
891 4810 992 4877 super
1014 4788 1260 4876 Karthaginem

497 4902 615 4970 Virtus
638 4903 823 4992 sepulerum
845 4901 1003 4969 condidit.
