3567 5700
742 596 861 662 amna
882 595 932 661 ΠΙ.

448 782 576 872 Regina
598 785 733 873 sanguia
756 785 973 876 dominaeque
995 786 1086 854 tradi

448 896 617 964 Barbarae
639 892 778 985 paelex.’
826 897 959 966 Aderat
981 901 1135 989 querenti

447 1007 612 1076 Perfidum
634 1009 748 1076 ridens
771 1008 885 1077 Venus
909 1018 945 1077 et
966 1013 1105 1078 remisso

490 1120 596 1188 Filius
618 1144 706 1189 areu

446 1309 525 1377 Mox
547 1310 604 1377 ubi
625 1310 708 1379 lueit
730 1310 821 1393 satis,
845 1308 1038 1381 ‘abstineto'

448 1422 545 1489 Dixit
570 1419 708 1490 ‘barum
732 1424 925 1513 calidaeque
947 1426 1051 1505 rixae,

449 1533 530 1603 Cum
550 1535 615 1602 tibi
637 1535 764 1603 invisus
786 1537 965 1605 lacerande
985 1537 1106 1605 reddet

491 1647 622 1715 Cornua
642 1654 768 1716 murus.

447 1837 540 1905 onr
561 1839 679 1907 invicti
699 1838 790 1907 Iovis
813 1860 885 1907 esse
908 1838 1025 1907 nescia.

447 1950 546 2017 Mitte
570 1950 747 2038 singultus¹
769 1952 853 2018 bene
875 1951 964 2019 ferre
988 1975 1143 2038 magnam

448 2063 547 2130 Disce
571 2063 755 2144 fortunam
776 2067 837 2130 tua
859 2070 970 2131 sectus
992 2064 1082 2132 orbis

489 2174 634 2242 Nomina
656 2171 773 2242 duoet’

753 2572 934 2650 XXVIII.

447 2727 549 2795 Festo
571 2728 652 2819 quid
674 2729 786 2818 potius
810 2729 864 2796 die

491 2839 641 2931 Neptuni
661 2840 808 2910 faciam?
851 2840 969 2910 Prome
992 2841 1206 2924 reconditum,

449 2952 554 3043 Lyde,
575 2960 711 3022 strenua
734 2952 920 3022 Caecubum

490 3065 707 3157 Mmritaeque
730 3066 850 3135 adhibe
873 3068 941 3134 vim
964 3068 1170 3157 sapientiae.-

449 3256 614 3325 lnclinare
636 3256 807 3324 meridiam

491 3367 605 3437 Sentis
626 3391 673 3451 ao,
693 3369 800 3437 veluti
819 3376 890 3438 atat
910 3369 1055 3439 volucria
1077 3370 1157 3453 dies,

448 3478 564 3549 Parcis
587 3481 739 3571 deripere
761 3482 880 3548 horreo

492 3591 684 3662 Cessentem
706 3593 820 3660 Bibuli
844 3593 987 3660 consulis
1010 3593 1210 3684 amphoram.

448 3782 518 3850 Nos
541 3783 747 3851 cantabimus
768 3782 911 3850 invicem

491 3895 686 3986 Neptunum
707 3901 744 3963 et
764 3895 890 3964 virides
912 3895 1093 3964 Nereidum
1116 3920 1239 3982 comaa3

449 4005 532 4076 Tum
554 4031 656 4076 curva
677 4009 805 4077 recines
825 4008 904 4097 lyra

492 4121 655 4189 Latonam
678 4127 713 4188 et
733 4121 850 4190 celeris
873 4120 1001 4211 spicula
1023 4120 1199 4210 Cynthiae.

454 4310 584 4379 Sammo
607 4312 758 4393 carmine,
781 4332 865 4400 quae
889 4309 1017 4377 Cnidon

493 4423 739 4514 Fulgentesque
762 4429 858 4491 tenet
881 4421 1047 4511 Cycladas
1068 4427 1104 4489 et
1124 4421 1259 4512 Paphon

450 4536 578 4604 Iunctis
599 4536 681 4605 vicit
702 4536 847 4603 oloribus

492 4649 651 4749 Iiioetur3
675 4648 796 4715 mariba
817 4647 894 4714 Nox
914 4669 1043 4737 quoque
1066 4646 1171 4713 nenia

736 4870 941 4884 ψ
