3567 5700
793 590 998 654 CARbssNVM

505 775 554 845 'l'e
575 774 695 865 copias,
717 781 753 844 te
774 775 947 845 consilium
968 782 1005 844 et
1025 782 1101 846 tuos

504 888 691 955 Praebente
714 887 818 956 divos.
861 888 949 955 Nam
969 889 1034 955 tibi
1056 912 1119 978 quo
1141 887 1195 955 die

547 1000 669 1067 Portus
692 998 908 1066 Alexandrea
928 1001 1069 1089 supplex

589 1111 636 1177 Et
658 1134 798 1178 vacuam
821 1112 985 1200 patefecit
1007 1113 1125 1193 aulam,

504 1264 655 1333 Fortuna
674 1265 781 1333 lustro
803 1288 964 1354 prospera
984 1268 1087 1335 tertio

504 1377 593 1445 Belli
613 1377 777 1447 secundos
798 1377 948 1445 reddidit
968 1379 1079 1446 exitus

546 1489 759 1581 Laudemque
782 1496 817 1557 et
842 1495 994 1580 optatum
1016 1490 1162 1577 peractis

588 1602 743 1690 Imperiis
766 1602 866 1670 decus
889 1601 1077 1689 adrogavit.

504 1757 552 1824 Te
575 1755 743 1824 Cantaber
765 1780 831 1824 non
854 1764 934 1824 ante
957 1757 1131 1825 domabilis
1225 1766 1229 1773 '

503 1868 687 1959 Medusque
710 1874 746 1936 et
767 1868 880 1950 Indus,
902 1875 938 1935 ta
960 1868 1121 1957 profugus
1143 1867 1287 1959 Scythes

546 1979 701 2062 Miratur,
723 2004 742 2048 ο
764 1980 874 2048 tutela
895 2002 1055 2069 praesens

588 2092 710 2160 Italiae
733 2092 949 2182 dominaeque
971 2092 1108 2161 Romae.

504 2247 560 2329 Te,
582 2247 725 2315 fontium
748 2247 805 2337 qui
828 2246 916 2315 celat
936 2247 1092 2334 origines,

502 2357 666 2449 Nilusque
687 2364 723 2426 et
744 2358 870 2440 Hister,
893 2366 929 2426 te
951 2359 1089 2449 rapidus
1111 2357 1231 2445 'ligiis

546 2470 593 2538 Te
615 2470 772 2539 beluosus
794 2471 851 2561 qui
872 2469 1012 2539 remotis

590 2581 765 2673 Obstrepit
787 2581 938 2651 Oceanus
960 2581 1142 2664 Britannia,

503 2737 550 2804 Te
573 2760 639 2804 non
661 2738 818 2827 paventis
839 2739 957 2806 funera
979 2735 1112 2806 Galbae

503 2851 683 2940 Duraeque
703 2850 806 2917 tellus
829 2850 925 2918 audit
946 2850 1115 2932 Hiberiae,

544 2962 592 3029 'le
616 2962 718 3030 caede
740 2963 927 3049 gaudentes
949 2960 1128 3052 Sygambri

589 3072 779 3163 Compositis
803 3082 1008 3143 venerantur
1028 3075 1139 3143 armis.

857 3438 942 3516 XV.

501 3587 655 3658 Phoebus
676 3588 845 3659 volentem
866 3590 995 3680 proelia
1016 3614 1068 3661 me
1090 3591 1190 3685 loqui,

502 3700 620 3769 Victus
644 3708 679 3770 et
700 3704 800 3771 urbes
820 3704 989 3793 increpuit
1009 3705 1096 3793 lyra,

544 3812 596 3880 Ne
619 3837 727 3903 parva
749 3814 960 3903 Tyrrhenum
981 3837 1042 3904 per
1062 3838 1187 3906 aequor

586 3925 674 3993 Vela
697 3926 819 3994 darem
864 3926 943 4008 Tua
967 3925 1102 4009 Caesar,
1124 3935 1220 3996 aetas

501 4078 631 4166 Fruges
654 4086 690 4147 et
711 4081 803 4167 agris
824 4082 960 4149 rettulit
980 4084 1100 4151 uberes

499 4191 548 4257 Et
569 4191 667 4278 signa
687 4198 801 4259 nostro
824 4193 979 4260 restituit
1000 4194 1076 4262 Iovi

544 4304 695 4393 Derepta
715 4304 916 4374 Parthorum
937 4306 1088 4395 superbis

586 4415 744 4484 Postibus
768 4425 804 4483 et
822 4441 966 4485 vacuum
987 4418 1108 4487 duellis

502 4580 620 4646 Ianum
643 4579 776 4661 Quirini
800 4579 922 4648 clausit
944 4587 980 4648 et
1002 4582 1150 4651 ordinem

502 4690 644 4758 Rectum
666 4690 828 4779 evaganti
848 4692 946 4759 frena
966 4693 1121 4763 licentiae

544 4802 666 4869 iniecit
688 4804 877 4896 emovitque
900 4804 1017 4895 culpas

586 4913 634 4980 Et
657 4920 791 4983 veteres
811 4917 987 4987 revocavit
1008 4923 1108 5001 artes
