3567 5700
857 865 924 938 XI.

502 1016 591 1098 Quid
612 1018 790 1085 bellicosus
812 1016 980 1083 Cantaber
1003 1021 1038 1082 et
1061 1014 1211 1102 Scythes,

500 1129 642 1217 Hirpine
665 1129 789 1211 Quinti,
814 1128 941 1214 cogitet
962 1127 1090 1193 Hadria

543 1241 682 1311 Divisus
703 1241 841 1320 obiectu,
864 1240 1019 1307 remittas

588 1352 756 1434 Quaerere
779 1374 840 1419 neo
862 1351 1012 1439 trepides
1034 1351 1068 1416 in
1091 1373 1185 1416 usum

501 1541 674 1609 Poscentis
697 1541 772 1607 aevi
793 1564 913 1628 panea:
935 1539 1024 1626 fugit
1045 1544 1137 1605 retro

501 1652 604 1720 Levis
625 1653 779 1720 iuventas
801 1658 837 1719 et
859 1651 959 1719 decor
980 1650 1075 1717 arida

545 1762 698 1831 Pallante
719 1764 861 1831 lascivos
883 1783 1012 1830 amores

590 1874 721 1942 (lanitio
743 1876 939 1963 facilemque
961 1896 1117 1940 sonmum.

504 2064 579 2131 Non
601 2086 731 2152 semper
752 2065 840 2132 idam
861 2064 998 2130 floribus
1020 2067 1073 2129 est
1094 2060 1199 2126 honor

503 2176 634 2254 Vernis,
656 2197 762 2264 neque
782 2200 848 2242 uno
871 2176 950 2241 luna
972 2175 1094 2240 rubeus
1116 2172 1203 2237 nitet

546 2287 665 2353 Voltu:
688 2287 767 2375 quid
789 2287 936 2354 aeternis
958 2286 1117 2352 minorem

590 2397 746 2466 Consiliis
769 2400 913 2465 animum
934 2397 1083 2483 fatigas?

505 2585 573 2653 Cur
595 2611 659 2654 non
682 2587 742 2653 sub
764 2587 835 2653 alta
856 2586 910 2653 vel
930 2587 1065 2674 platano
1084 2582 1144 2650 vel
1164 2583 1226 2648 hac

504 2696 592 2764 Pinu
613 2699 760 2764 iacentes
785 2699 832 2764 sic
853 2705 979 2765 temore
1002 2702 1037 2762 et
1056 2718 1133 2762 rosa

548 2808 684 2877 Cinotos
706 2809 838 2876 odorati
859 2809 1005 2898 capillos,

591 2921 680 2988 Dum
702 2921 791 3001 lieet,
818 2919 1026 3009 Assyrioque
1049 2919 1152 2985 nardo

504 3108 663 3176 Putamus
685 3109 802 3175 uncti?
845 3109 1000 3196 Dissipat
1021 3107 1151 3173 Euhius

506 3218 612 3286 Cures
635 3221 762 3286 edaces.
806 3217 889 3299 Quis
911 3241 994 3306 puer
1016 3219 1106 3284 ouius

548 3330 751 3416 Restingnet
773 3330 925 3396 ardentis
947 3328 1080 3396 Falerni

591 3441 715 3508 Pocula
736 3446 971 3529 praetereunte
993 3440 1156 3529 lympha?

505 3629 588 3711 Quis
612 3629 744 3696 devium
766 3633 911 3695 scortum
933 3627 1046 3695 eliciet
1068 3628 1163 3695 domo

505 3739 651 3827 Lyden?
694 3739 840 3818 Eburna,
864 3739 1010 3824 diunge,
1033 3738 1206 3827 oumlyra

547 3849 705 3930 Maturet,
725 3850 926 3937 incomptam
948 3848 1122 3916 Lacaenas

591 3960 685 4027 More
708 3983 833 4027 oomam
853 3960 1000 4045 religata
1021 3960 1116 4027 nodo.

852 4384 939 4458 XII.

504 4537 601 4603 Nolis
624 4537 724 4621 longa
744 4535 835 4601 ferae
856 4536 945 4601 bella
966 4535 1166 4603 Numantiae

504 4647 576 4712 Nae
598 4647 704 4711 dirum
726 4646 947 4711 Hannibalem
968 4667 1028 4711 noo
1050 4646 1197 4714 Siculum
1217 4671 1307 4715 mare

505 4759 616 4823 Poeno
640 4778 840 4843 purpureum
862 4757 1023 4840 sangnine
1045 4759 1197 4826 mollibus

547 4865 673 4954 Aptari
695 4866 842 4931 citharae
864 4865 978 4945 modis,
