3567 5700
839 454 964 516 LIBER

511 638 615 724 ‘Quid
637 640 802 708 obseratis
827 640 963 707 auribus
985 638 1097 707 fundis
1116 640 1255 727 preces?

511 753 588 821 Non
607 774 691 820 saxa
713 751 811 819 nudis
834 750 987 819 surdiora
1008 750 1133 818 navitis

511 865 688 953 Neptunus
709 863 779 931 alto
800 862 915 930 tundit
935 862 1092 930 hibernus
1114 863 1193 930 salo.

512 976 644 1044 Inultns
665 981 705 1043 ut
725 979 766 1042 tu
790 974 906 1042 riseris
928 972 1066 1063 Cotytia

511 1088 667 1177 Volgete,
690 1108 820 1155 eaerum
842 1086 942 1154 liberi
964 1084 1145 1174 Cupidinis,

512 1201 559 1268 Et
579 1198 747 1290 Esquilini
770 1198 923 1287 pontifex
944 1197 1083 1265 venefici

512 1312 640 1401 Inpune
662 1317 702 1378 ut
721 1312 837 1378 urbem
858 1310 989 1378 nomine
1011 1309 1150 1398 inpleris
1171 1311 1268 1376 meo?

513 1422 602 1506 Quid
623 1424 784 1512 proderat
806 1422 933 1490 ditasse
954 1421 1133 1508 Paelignas
1156 1444 1238 1490 anus

512 1535 712 1604 Velociusve
733 1535 905 1603 miaeuisae
927 1533 1097 1602 toxicum?

514 1646 581 1716 Sed
599 1646 752 1715 tardiora
772 1648 847 1714 iata
868 1653 904 1714 te
925 1644 1016 1713 votis
1037 1652 1187 1730 manent;

513 1761 654 1849 Ingrata
675 1759 795 1827 misero
817 1758 891 1826 vita
913 1757 1097 1826 ducendast
1117 1757 1153 1823 in
1174 1757 1244 1838 hoo,

513 1870 619 1939 Novis
639 1876 803 1960 utusque
825 1876 987 1959 suppetas
1009 1870 1187 1937 laboribus.

514 1982 619 2071 Optat
641 1981 789 2072 quietem
810 1981 946 2070 Pelopis
967 1981 1061 2047 infidi
1083 1987 1186 2070 pater,

512 2095 625 2181 Egens
647 2093 812 2180 benignae
834 2092 997 2160 Tantalus
1018 2115 1148 2181 semper
1170 2092 1275 2181 dapis,

513 2205 619 2294 Optat
639 2204 860 2272 Prometheus
881 2205 1051 2292 obligatus
1071 2205 1153 2284 aliti,

514 2317 618 2406 Optat
637 2337 791 2405 supremo
814 2317 976 2385 oollooare
998 2315 1164 2405 Sisyphus

513 2430 553 2496 In
576 2433 689 2497 monte
710 2451 840 2512 aarum
863 2429 924 2497 sed
944 2434 1064 2496 vetant
1083 2430 1176 2516 leges
1198 2429 1299 2496 Iovis.

512 2541 616 2609 Voles
637 2539 734 2608 modo
757 2540 837 2607 altis
859 2540 995 2608 desilire
1013 2540 1170 2622 turribus,

514 2653 612 2721 Modo
635 2674 714 2720 ense
736 2658 854 2741 peotes
876 2652 999 2719 Norico
1021 2651 1201 2733 recludere,

514 2764 719 2855 Frustraque
743 2764 856 2832 vinela
877 2764 1010 2853 gutturi
1031 2769 1145 2832 nectes
1167 2775 1226 2831 tuo

514 2877 705 2946 Fastidiose
726 2877 837 2944 tristis
859 2878 1072 2963 aegrimonia

514 2989 683 3057 Veotebor
704 2989 828 3056 umeris
850 2994 931 3056 tuno
952 3011 1014 3076 ego
1035 2988 1179 3058 inimiois
1201 3010 1310 3079 eques,

515 3101 673 3191 Meeeque
696 3105 790 3167 terra
812 3099 910 3168 oedet
930 3100 1136 3167 insolentiae.

515 3213 572 3280 An
593 3234 677 3303 quae
699 3234 833 3279 movere
858 3233 971 3279 oereas
992 3212 1163 3298 imagines,

515 3324 565 3392 Vt
586 3324 658 3413 ipse
681 3324 772 3391 nosti
793 3324 951 3406 curiosus,
973 3330 1009 3391 et
1029 3324 1104 3411 polo

516 3436 679 3525 Deripere
700 3435 814 3502 lunam
835 3437 972 3504 vocibus
992 3436 1116 3524 possim
1136 3436 1227 3517 meis,

516 3546 644 3615 Possim
667 3553 833 3614 crematos
855 3546 1002 3614 exaitare
1024 3552 1171 3615 mortuos

516 3658 736 3747 Desiderique
759 3665 946 3747 temperare
967 3660 1094 3746 poeula,

517 3769 647 3837 Plorem
668 3770 753 3837 artis
773 3770 809 3835 in
829 3776 864 3837 te
887 3770 935 3835 nil
958 3770 1092 3855 agentis
1113 3766 1275 3838 exituml'
