3567 5700
547 1483 1161 1600 CARMINVM

695 1717 812 1779 LIBER
834 1718 1012 1792 Qvlffl'vs

842 1905 871 1980 Ι.

413 2021 622 2155 Intermissa
643 2064 764 2147 Venus,
787 2065 845 2133 diu

456 2176 586 2244 Rursus
606 2178 696 2245 bella
718 2178 852 2245 moves?
896 2176 1010 2260 Parce,
1033 2202 1158 2268 precor,
1180 2203 1305 2269 precor.

413 2288 490 2356 Non
510 2313 582 2358 aum
604 2288 712 2379 qualia
734 2312 825 2357 eram
846 2292 953 2359 bonae

457 2399 525 2469 Sub
547 2423 650 2488 regno
675 2401 825 2470 Cinarae.
868 2403 1002 2484 Desine,
1024 2403 1167 2472 dulcium

414 2572 525 2640 Mater
545 2594 648 2642 saeva
670 2571 878 2664 Cupidinum,

457 2685 555 2753 Circa
576 2685 683 2754 lustra
705 2685 818 2755 decem
838 2687 974 2754 flecicre
997 2687 1149 2755 mollibus

414 2797 486 2866 Iam
509 2798 627 2866 durum
647 2798 813 2889 imperiis:
838 2799 902 2882 abi,

458 2909 531 2993 Quo
552 2910 695 2979 blandae
715 2912 872 2980 iuvenum
897 2918 933 2979 le
954 2920 1116 2981 revocant
1138 2935 1261 3002 preces.

416 3082 662 3173 Tempestiviua
684 3083 718 3150 iu
741 3083 836 3152 dumo

458 3194 563 3278 Pauli,
584 3196 762 3285 purpureis
784 3197 854 3265 ales
876 3196 1031 3277 oloribus,

418 3306 645 3376 Comisaabere
667 3307 814 3390 Maximi,

459 3418 496 3487 Si
516 3426 645 3488 torrere
670 3420 762 3489 iecur
782 3420 916 3510 quaeris
938 3421 1100 3489 idoneum

417 3590 567 3682 Namque
590 3598 627 3660 et
647 3592 768 3661 nabilis
789 3598 826 3660 et
845 3592 966 3661 decens

459 3704 507 3772 Et
529 3727 590 3794 pro
614 3704 767 3773 sollicitis
789 3728 855 3772 nou
873 3704 1000 3773 tacitus
1021 3705 1088 3772 reis

417 3816 465 3883 Et
487 3823 619 3885 centum
641 3840 725 3907 puer
746 3817 869 3885 artium

459 3929 546 3998 Laia
568 3929 667 4017 sigua
687 3928 775 3997 feret
795 3928 937 3997 militiae
960 3935 1055 4013 tuae;

418 4102 465 4169 Et
485 4102 683 4192 quandoque
705 4101 875 4192 potentior

460 4213 566 4302 Largi
586 4214 776 4281 muneribus
795 4214 912 4281 riserit
934 4212 1064 4294 aemuli,

418 4327 567 4395 Albanos
588 4347 692 4416 prope
713 4331 749 4393 ia
771 4326 864 4395 lacus

459 4438 568 4507 Ponet
589 4460 805 4507 mamercum
827 4438 888 4506 sub
911 4438 1007 4505 trabe
1028 4437 1142 4505 citrea.

420 4611 492 4679 Illic
513 4611 657 4701 plurima
678 4611 815 4679 naribus

460 4724 570 4793 Duces
592 4730 671 4791 tura
693 4723 852 4813 lyraeque
874 4728 910 4789 et
931 4721 1153 4810 Berecyntiae

422 4836 639 4905 Delectabere
658 4835 761 4904 tibiae

461 4948 577 5018 mixtis
599 4948 799 5017 carminibus
820 4970 886 5015 non
909 4945 980 5014 sine
1003 4944 1131 5027 fistula3

1284 5046 1319 5099 θ*
