3567 5700
789 565 994 632 CARMINVM

533 753 617 821 runo
640 759 676 821 a
696 720 832 821 ciorum
853 752 1002 843 quaqua
1026 752 1161 820 amasios

534 865 629 933 Afris
651 864 761 933 inulta
782 870 932 932 cesserat
953 864 1108 948 inpotens

577 976 721 1059 Tellure,
743 976 907 1045 victorum
929 982 1068 1066 nepotes

619 1089 770 1157 Rettulit
789 1088 927 1155 inferias
948 1087 1141 1175 Iugurthae.

536 1243 619 1326 Quis
640 1267 705 1311 non
727 1242 851 1310 Latino
874 1243 1036 1329 sanguine
1056 1241 1212 1329 pinguior

536 1355 679 1442 Campus
702 1354 863 1442 sepulcris
884 1354 976 1442 inpia
997 1353 1125 1443 proclia

577 1466 738 1534 Testatur
760 1466 974 1556 auditumque
995 1464 1105 1534 Medis

621 1578 806 1666 Hesperiae
829 1578 973 1646 sonitum
994 1577 1134 1646 ruinae?

535 1733 602 1815 Qui
623 1755 747 1820 gurges
770 1739 830 1799 aut
851 1755 938 1822 quae
958 1731 1095 1800 flumina
1115 1730 1268 1819 lugubris

534 1844 661 1932 Ignara
681 1844 785 1912 belli?
808 1844 898 1934 quod
916 1867 1008 1911 mare
1029 1843 1183 1911 Dauniae

577 1955 655 2024 Non
677 1956 911 2024 decoloravere
934 1954 1076 2024 caedes?

622 2065 716 2150 Quae
738 2072 832 2136 caret
852 2089 911 2135 ora
933 2089 1049 2135 cruore
1071 2066 1209 2135 nostro?

537 2222 604 2290 Sed
627 2246 668 2291 nc
690 2222 826 2303 relictis,
848 2221 955 2303 Musa,
978 2244 1103 2311 procax
1123 2221 1206 2288 iocis

537 2334 625 2403 Ceae
646 2341 814 2403 retractes
835 2333 949 2401 munia
971 2333 1098 2415 neniae,

578 2446 709 2513 Mecum
731 2445 882 2513 Dionaeo
903 2446 964 2514 sub
987 2451 1085 2512 antro

622 2558 755 2640 Quaere
777 2557 891 2626 modos
912 2557 1039 2625 leviora
1060 2556 1197 2645 plectra

874 2919 924 2996 IL

536 3074 657 3143 Nullus
680 3081 821 3161 argento
843 3075 934 3143 color
955 3080 1009 3143 est
1030 3073 1142 3143 avaris

536 3186 663 3255 Abdito
685 3188 795 3269 terris,
817 3187 949 3255 inimice
971 3188 1102 3255 lamnae

538 3298 655 3381 Crispe
677 3297 826 3381 Sallusti,
851 3298 917 3367 nisi
936 3305 1123 3391 temperato

581 3408 763 3498 Splendeat
783 3435 853 3480 usu

536 3563 640 3631 Vivet
662 3570 800 3633 extento
822 3564 1015 3634 Proculeius
1038 3587 1121 3634 aevo

536 3675 647 3744 Notus
669 3677 705 3743 in
725 3677 850 3745 fratres
875 3678 975 3745 animi
995 3677 1144 3767 paterni:

536 3787 636 3855 Illum
658 3796 739 3876 aget
757 3790 860 3878 pinna
881 3795 1052 3857 metuente
1078 3789 1164 3856 solvi

579 3900 685 3971 Fama
707 3908 885 3990 superstes.

536 4054 658 4123 Latius
680 4078 801 4141 regnes
823 4056 959 4124 avidum
981 4054 1144 4124 domando

536 4165 699 4255 Spiritum
722 4190 818 4256 quam
840 4169 869 4235 si
890 4167 1037 4256 Libyam
1057 4166 1194 4235 remotis

538 4278 688 4347 Gadibus
707 4279 826 4365 iunges
846 4286 881 4345 et
903 4286 1047 4369 uterque
1068 4278 1199 4347 Poenus

580 4390 715 4459 Serviat
735 4391 802 4459 uni.

538 4553 669 4623 Crescit
688 4554 865 4641 indulgens
887 4555 951 4623 sibi
974 4554 1068 4622 dirus
1090 4552 1247 4643 hydrops,

538 4665 610 4733 Nec
631 4667 723 4734 sitim
743 4667 849 4754 pellis,
871 4668 937 4734 nisi
962 4689 1063 4735 causa
1084 4666 1190 4733 morbi

539 4777 683 4865 Fugerit
704 4780 798 4846 venis
823 4784 859 4845 et
881 4802 1024 4867 aquosus
1045 4778 1121 4845 albo

580 4890 725 4979 Corpore
747 4891 897 4977 languor.
