3567 5700
800 558 1006 620 (JARMlNVM

384 742 471 827 ‘Quo
493 769 553 812 nos
575 768 711 835 cumque
733 746 820 812 ferat
841 745 958 811 melior
979 746 1115 812 fortuna
1137 749 1284 832 parante,

431 857 565 939 ibimus,
588 881 607 923 o
630 857 711 925 socii
734 858 952 947 comitesque!

388 969 447 1037 Nil
476 969 717 1057 desperandum
746 969 872 1037 Teucro
905 970 987 1037 duos
1018 975 1053 1036 ct
1082 967 1216 1056 auspice
1240 967 1401 1034 “Teucro:

432 1079 553 1148 Certus
575 1081 661 1147 enim
681 1081 836 1170 promisit
855 1081 979 1171 Apollo

387 1252 588 1339 Ambiguum
611 1254 731 1320 tellure
753 1278 840 1322 nova
863 1252 1034 1320 Salamina
1053 1255 1209 1321 futuram.

431 1365 460 1432 0
482 1366 588 1433 fortes
609 1366 787 1456 peioraque
810 1367 902 1455 passi

387 1478 518 1545 Mecum
539 1501 638 1566 saepe
660 1478 734 1559 viri,
753 1503 839 1546 nunc
860 1479 939 1546 vino
962 1479 1078 1566 pellite
1100 1502 1210 1561 curam

431 1588 515 1658 Cras
536 1591 654 1678 ingens
676 1591 871 1659 iterabimus
894 1587 1038 1680 aequor’

848 1988 954 2065 VIII.

387 2142 508 2231 Lydia,
531 2142 592 2223 dic,
615 2164 675 2230 per
697 2165 809 2209 omncs

429 2254 477 2320 Te
500 2254 578 2322 deos
601 2278 667 2335 oro,
690 2253 835 2343 Sybarin
858 2279 917 2322 cur
938 2277 1098 2344 properas
1120 2256 1259 2322 amando

387 2367 556 2434 Perdere?
586 2391 644 2434 cur
667 2367 814 2455 apricum

429 2478 566 2546 †Oderit
588 2502 745 2567 campum,
767 2480 902 2569 patiens
924 2481 1073 2569 pulveris
1095 2488 1196 2571 atque
1219 2482 1324 2548 solis?

386 2650 454 2718 Cur
474 2674 580 2741 neque
601 2652 765 2719 militares

427 2765 521 2831 Inter
543 2765 698 2856 aequales
721 2765 859 2855 equitat,
883 2764 1014 2832 Gallica
1036 2788 1096 2831 nec
1117 2765 1243 2854 lupatis

386 2877 568 2967 Temperat
589 2901 647 2946 ors
670 2879 797 2945 frenis?

429 2988 497 3056 Gur
525 2990 624 3056 timet
651 2991 773 3058 flavum
794 2990 941 3056 Tiberim
969 2993 1135 3075 tangere?
1180 2990 1248 3057 Cur
1277 2991 1401 3059 olivum

386 3160 554 3248 Sanguine
576 3161 727 3251 viperino

429 3271 567 3341 Cautius
589 3274 685 3355 vitat,
708 3295 814 3364 neque
837 3273 903 3340 iam
926 3273 1032 3342 livida
1053 3280 1169 3361 gestat
1190 3276 1291 3342 armis

385 3385 556 3468 Bracchia,
580 3408 678 3474 saepe
700 3387 800 3469 disco,

428 3496 534 3586 Saepe
555 3503 650 3566 trans
670 3499 769 3566 finem
789 3499 897 3567 iaculo
922 3499 1042 3566 nobilis
1066 3500 1245 3587 expedito?

387 3670 474 3752 Quid
493 3671 588 3752 latet,
610 3676 649 3737 ut
671 3671 818 3738 marinae

427 3781 549 3848 Filium
571 3782 685 3849 dicunt
707 3781 860 3851 Thetidis
883 3785 943 3850 sub
966 3783 1141 3852 lacrimosa
1162 3783 1283 3851 Troiae

383 3893 526 3975 Funera,
547 3917 589 3961 ne
611 3894 721 3961 virilis

428 4004 546 4073 Cultus
568 4006 602 4072 in
623 4006 757 4074 caedem
780 4012 815 4073 et
836 4006 961 4095 Lycias
983 4007 1172 4094 proriperet
1195 4009 1375 4074 catervas?

839 4399 965 4476 VIIII.

382 4557 487 4624 Vides
509 4563 549 4622 ut
571 4556 643 4622 alta
665 4554 834 4622 statuive
858 4553 1032 4620 candidum

383 4669 529 4750 Soracte,
551 4690 612 4735 nec
634 4667 699 4733 iam
722 4666 911 4734 sustineant
933 4688 1014 4733 onus

426 4781 540 4849 Silvae
562 4781 762 4859 laborantes,
785 4778 928 4866 geluque

467 4891 623 4960 Flumina
646 4889 859 4957 constiterint
879 4895 988 4956 acuto.
