3567 5700
795 569 1002 630 CARMINVM

858 857 940 931 XV.

509 1011 581 1077 Iam
601 1035 707 1098 pauca
728 1016 840 1077 aratro
862 1011 979 1096 iugera
1002 1012 1115 1097 regiae

509 1123 615 1189 Moles
636 1122 840 1211 relinquent3
864 1122 1010 1211 undique
1035 1121 1138 1190 latius

552 1234 701 1301 Extenta
722 1235 874 1301 visentur
897 1233 1041 1301 Lucrino

594 1344 722 1431 Stagna
743 1346 818 1412 lacu
839 1346 1059 1434 platanusque
1082 1346 1212 1413 caelebs

508 1534 651 1601 Evineet
674 1534 795 1614 ulm0s;
818 1539 889 1600 tum
912 1534 1055 1601 violaria
1077 1540 1113 1600 ct

507 1645 643 1734 Myrtus
665 1651 700 1711 et
721 1645 826 1711 omnis
848 1646 944 1733 eopia
966 1645 1095 1711 narium

551 1756 719 1845 Spargant
743 1756 877 1823 olivetis
901 1756 1035 1823 ederem

594 1868 776 1935 Fertilibus
799 1868 930 1934 domino
953 1868 1111 1956 priorem

508 2056 592 2123 Turn
615 2057 724 2144 spissa
745 2057 846 2123 ramis
868 2058 986 2123 laurea
1007 2057 1155 2125 fervidos

508 2168 676 2235 Excludet
697 2169 791 2235 ictus.
835 2167 911 2234 Non
934 2168 985 2234 ita
1006 2168 1141 2235 Romuli

549 2281 797 2367 Praeseriptum
821 2287 856 2347 et
877 2282 1002 2348 intensi
1026 2281 1163 2349 Catonis

592 2392 760 2479 Auspiciis
784 2398 1000 2481 veterumque
1023 2416 1146 2460 norma.

506 2580 664 2648 Privatus
686 2580 754 2647 illis
776 2602 893 2647 census
916 2587 992 2647 erat
1012 2582 1132 2657 brevis,

507 2690 683 2759 Commune
707 2715 878 2777 magnum:
902 2692 995 2759 nulla
1017 2692 1225 2781 decempedis

548 2803 679 2872 Metata
700 2804 843 2892 privatis
866 2826 1003 2893 opacam

589 2915 743 2983 Porticus
766 2916 955 3005 excipiebat
976 2917 1114 2996 Arcton,

504 3104 576 3170 Nee
597 3105 773 3171 fortuitum
799 3126 956 3192 spernere
980 3106 1160 3192 caespitem

505 3215 615 3301 Leges
638 3217 800 3295 sinebant,
823 3216 946 3304 oppida
968 3216 1100 3303 publico

548 3326 689 3415 Sumptn
708 3328 862 3395 iubentes
884 3329 938 3394 *et
960 3328 1096 3394 deorum

590 3439 728 3527 Templa
749 3462 836 3507 neve
860 3439 1019 3507 decorare
1040 3463 1129 3507 saxo.

791 3690 996 3700 ———-—

843 3866 944 3942 XVI.

502 4020 615 4087 Otium
638 4019 733 4086 divos
755 4024 854 4105 rogat
875 4021 908 4086 in
933 4022 1064 4108 patenti

501 4132 648 4199 Prensus
666 4131 813 4217 Aegaeo,
835 4132 933 4198 simul
957 4137 1033 4199 atra
1054 4134 1158 4200 nubes

502 4242 660 4310 Condidit
681 4244 793 4310 lunam
815 4264 921 4332 neque
944 4250 1038 4311 certe
1059 4244 1191 4331 fulgent

544 4354 663 4422 Sidera
684 4355 810 4438 nautis;

503 4542 615 4610 Otirun
637 4544 725 4609 belle
748 4542 875 4609 furiosa
897 4542 1033 4622 Thrace,

501 4654 613 4720 Otium
635 4655 726 4721 Medi
749 4655 910 4742 pharetra
933 4654 1051 4734 decori,

501 4765 667 4854 Grosphe‚
690 4790 754 4832 nen
777 4765 916 4851 gemmis
938 4789 1045 4855 neque
1068 4790 1216 4856 prnpura
1238 4791 1292 4835 ve·

541 4878 616 4945 naie
638 4900 745 4968 neque
768 4901 857 4945 auro.
