3567 5700
807 601 924 662 LIBER
942 602 978 661 H.

827 922 956 995 XIIII.

500 1077 596 1145 Eheu
615 1077 764 1162 firgaces,
786 1075 956 1156 Postume,
978 1074 1146 1154 Postume,

500 1187 676 1255 Labuntur
697 1188 784 1267 anni,
808 1209 868 1254 nec
890 1187 1001 1274 pietas
1023 1209 1147 1253 moram

542 1298 651 1385 Rugis
675 1304 711 1365 et
732 1299 873 1365 instanti
896 1304 1052 1365 senectae

584 1409 729 1477 Adferat
750 1409 995 1498 indomitaeque
1017 1409 1132 1492 morti;

499 1597 583 1679 Non,
607 1598 636 1666 si
658 1599 811 1679 trecenis,
833 1603 998 1688 quotquot
1021 1603 1102 1664 enut
1126 1597 1206 1676 dies,

499 1710 624 1789 Amice,
647 1711 759 1799 places
782 1709 1056 1777 inlacrimabilem

541 1822 686 1889 Plutona
704 1821 819 1902 tauris
842 1823 900 1909 qui
922 1827 976 1887 ter
999 1820 1143 1909 amplum

586 1932 767 2022 Geryonen
788 1933 980 2022 Tityonque
1004 1931 1098 1999 tristi

500 2121 679 2210 Conpescit
699 2123 796 2203 unda,
820 2123 949 2190 scilicet
971 2122 1129 2201 omnibus,

501 2232 705 2324 Quicumque
727 2240 839 2302 terrae
861 2256 996 2301 munere
1019 2233 1191 2312 vescimur,

541 2345 768 2432 Enaviganda,
791 2347 862 2412 siva
885 2367 984 2431 reges

585 2457 664 2524 Sive
685 2459 800 2546 inopes
824 2457 947 2524 erimus
970 2457 1085 2524 coloni

498 2645 641 2713 Frustra
661 2652 797 2712 cruento
820 2652 927 2712 marte
951 2645 1134 2712 carebimus

498 2757 693 2845 Fractisquc
713 2757 807 2823 rauci
826 2757 984 2824 fluctibus
1006 2756 1162 2836 Hadriae,

542 2868 684 2937 Frustra
705 2891 766 2958 per
785 2877 961 2937 autumnos
984 2874 1156 2936 nocentem

584 2979 787 3070 Corporibus
808 2989 993 3049 metuemus
1015 2987 1171 3048 austrum.

499 3168 666 3238 Visendus
689 3177 771 3250 ater,
794 3170 929 3237 flumine
952 3169 1110 3256 languido

500 3280 644 3370 Cocytos
665 3304 781 3349 errans
803 3288 839 3348 et
863 3282 975 3349 Danai
997 3303 1102 3368 genus

540 3394 667 3461 Infame
690 3394 933 3483 damnatusque
956 3393 1048 3480 longi

584 3503 750 3593 Sisyphus
771 3505 931 3612 Aeolides
954 3504 1085 3572 laboris.

499 3693 696 3782 Linquenda
718 3694 819 3761 tellus
842 3700 877 3760 et
900 3694 1015 3760 domus
1038 3699 1074 3760 ct
1095 3694 1231 3781 placens

498 3804 602 3884 onr,
625 3827 730 3893 neque
756 3805 886 3885 harum,
908 3829 991 3894 quas
1014 3805 1107 3885 colis,
1129 3806 1282 3871 arborum

540 3915 588 3983 'Ie
610 3922 745 4004 praeter
767 3917 892 3983 invisas
916 3940 1091 4005 cypressos

582 4027 661 4094 Vlla
681 4029 816 4095 brevem
838 4028 1005 4096 dominum
1027 4033 1193 4118 sequetur.

498 4216 663 4284 Absumet
684 4216 781 4284 heres
801 4215 955 4284 Caecuba
978 4217 1109 4304 dignior

498 4326 643 4396 Servata
664 4335 795 4395 centnm
818 4329 967 4397 clavibus
989 4335 1024 4396 et
1043 4351 1133 4396 mero

540 4438 687 4526 ‘linguat
707 4441 934 4527 pavimentum
957 4442 1108 4529 superbo,

583 4550 782 4620 Pontificum
803 4553 935 4641 potiore
958 4554 1057 4620 cenis.
