3567 5700
700 636 817 700 LIBIIR
837 636 887 697 III.

346 815 417 885 ‘lle
438 823 548 886 torret
570 819 642 886 face
669 824 785 886 mutua

394 929 536 998 Thurini
557 929 671 999 Calais
692 930 780 998 filius
801 929 933 1019 Ornyti,

354 1041 419 1109 Pro
440 1066 504 1132 quo
526 1043 578 1110 bia
599 1043 710 1132 patiar
731 1043 823 1122 mori,

396 1151 433 1220 Si
454 1159 596 1243 parcent
613 1176 717 1243 puero
740 1154 814 1221 fata
836 1151 1034 1241 superstiti’

349 1314 452 1399 ‘Quid
474 1316 504 1384 si
524 1317 635 1406 prisca
654 1316 744 1384 redit
765 1338 870 1383 venus

396 1427 627 1518 Diductosque
649 1430 727 1515 iugo
750 1429 841 1515 cogit
864 1427 1016 1494 aheneo?

354 1538 391 1606 Si
411 1539 502 1608 flava
523 1540 694 1608 excutitur
716 1538 819 1607 Chloe

397 1650 639 1741 *Reiectaeque
661 1657 758 1740 patet
779 1652 880 1718 ianua
904 1645 1070 1739 Lydinel'

348 1812 568 1905 ‘Quemquam
590 1815 699 1882 sidere
721 1814 892 1902 pulchrior

397 1926 502 2008 Illest,
524 1933 564 1994 tu
585 1927 692 1994 levior
714 1925 837 1993 cortice
860 1932 895 1992 et
917 1925 1054 2012 inprobo

353 2037 547 2106 Iracundior
567 2036 715 2105 Hadria:

396 2148 518 2216 Tecum
539 2150 654 2217 vivere
678 2170 797 2228 amem,
819 2154 931 2215 tecum
952 2149 1069 2215 obeam
1090 2144 1226 2215 libensl’

771 2509 817 2583 X.

354 2659 549 2727 Extremum
570 2659 698 2728 Tanain
721 2661 750 2726 ei
772 2660 911 2740 biberes,
933 2660 1035 2749 Lyce,

355 2770 462 2839 Saevo
485 2778 591 2861 nupta
612 2773 693 2854 viro,
715 2793 767 2838 me
787 2779 900 2838 tamen
923 2791 1057 2855 asperae

396 2883 591 2951 Porrectum
614 2890 691 2950 ante
714 2884 802 2951 fores
824 2885 954 2951 obicere
976 2884 1092 2951 incolis

439 2995 596 3062 Plorores
617 2993 847 3084 Aquilonibus.

355 3149 469 3230 Audis,
491 3172 553 3240 quo
577 3150 722 3237 strepitu
744 3150 851 3231 ianua,
874 3173 939 3239 quo
961 3171 1075 3216 nemus

355 3261 448 3328 Inter
467 3260 607 3349 pulchra
627 3267 734 3329 satum
757 3267 847 3329 tecta
868 3262 1036 3347 remugiat

395 3372 525 3454 Ventis,
550 3380 585 3439 et
606 3373 733 3461 positas
756 3377 795 3439 ut
816 3373 941 3458 glaciet
956 3374 1050 3440 nives

438 3484 532 3552 Duro
551 3485 684 3551 numine
706 3485 881 3573 Iuppiter?

354 3638 527 3725 Ingratum
548 3637 672 3706 Veneri
692 3660 778 3727 ponc
800 3638 997 3726 superbiam,

355 3749 405 3816 Ne
427 3756 580 3817 currente
601 3756 693 3816 retro
715 3750 804 3815 funis
827 3755 884 3817 eat
906 3756 995 3815 rota:

395 3859 471 3928 Non
493 3867 528 3926 te
550 3860 739 3948 Penelopen
760 3860 928 3927 difficilem
950 3860 1060 3947 procis

438 3971 633 4060 Tyrrhenus
655 3972 772 4058 gennit
794 3994 923 4060 parens.

355 4124 382 4191 Ο
405 4126 555 4215 quamvis
576 4148 683 4215 neque
707 4132 742 4192 te
764 4147 901 4192 munera
924 4148 983 4193 nec
1005 4149 1120 4213 preces

354 4235 424 4303 Nec
445 4236 572 4304 tinctus
595 4236 684 4303 viola
704 4236 813 4324 pallor
834 4237 1016 4303 amantium

395 4346 467 4414 Neo
486 4348 539 4413 vir
561 4348 674 4414 Pieria
696 4348 822 4436 paelice
844 4349 976 4414 saucius

439 4457 574 4538 Currat
599 4459 802 4547 supplicibus
824 4460 892 4526 tuis

354 4612 484 4694 Parcas,
507 4635 569 4680 nec
590 4613 702 4699 rigida-
724 4612 853 4679 mollior
875 4609 1008 4701 aesculo

354 4722 424 4791 Neo
445 4723 574 4791 Mauris
595 4725 740 4791 animum
760 4724 874 4790 mitior
896 4724 1069 4810 anguibus.

396 4834 473 4903 Non
494 4836 557 4902 hoc
578 4856 708 4924 semper
728 4834 793 4901 crit
814 4835 938 4902 liminis
959 4842 1018 4902 aut
1040 4857 1146 4925 aquae

440 4946 604 5015 Caelestis
627 4946 759 5035 patiens
782 4946 880 5014 latus.
