3567 5700
824 568 980 630 uPoDoN

486 754 685 845 Positosque
706 776 835 834 vernas,
861 753 943 821 ditis
965 776 1103 822 examen
1124 755 1247 835 domus,

530 866 661 933 Circum
683 864 875 933 renidentes
897 860 1024 933 Lares'

485 979 578 1046 Haec
598 978 655 1045 ubi
676 977 807 1045 locutus
830 977 1001 1045 fenerator
1022 976 1140 1059 Alfius,

528 1090 686 1157 Iamiam
708 1089 841 1158 futurus
862 1090 1016 1171 rusticus,

486 1202 623 1269 Omnem
645 1198 779 1289 redegit
799 1201 910 1269 idibus
931 1202 1114 1290 pecuniam,

528 1313 670 1396 Quaerit
690 1314 844 1381 kalendis
863 1335 996 1403 ponere.

795 1634 1000 1645 -u—uu———u—

862 1885 933 1961 ΙΠ.

483 2059 638 2126 Parentis
658 2058 736 2125 olim
757 2057 863 2147 siquis
885 2057 979 2146 inpia
999 2080 1099 2125 manu

527 2169 639 2237 Senile
661 2175 780 2255 guttur
801 2168 952 2255 fregerit,

483 2282 567 2349 Edit
589 2281 707 2349 cientis
730 2280 832 2348 alium
855 2280 1038 2348 nocentius.

527 2392 555 2458 Ο
579 2395 663 2460 dura
685 2414 864 2460 messorum
886 2391 964 2458 ilia!

403 2561 407 2573 .
484 2503 573 2585 Quid
594 2505 657 2571 hoc
679 2504 799 2571 veneni
820 2504 931 2572 saevit
952 2503 988 2570 in
1009 2503 1237 2591 praecordiis?

526 2614 617 2682 Num
636 2615 807 2703 viperinus
828 2615 881 2682 his
905 2637 1001 2682 cruor

483 2727 638 2795 Inooctus
659 2727 772 2794 herbis
793 2748 844 2793 me
866 2726 1014 2795 fefellit?
1041 2751 1083 2794 an
1104 2725 1211 2793 malas

526 2837 669 2906 Canidia
690 2838 855 2906 tractavit
877 2838 1003 2927 dapes?

484 2951 533 3018 Vt
553 2951 773 3038 Argonautas
795 2956 933 3038 praeter
955 2974 1067 3019 omnes
1088 2951 1266 3019 candidum

526 3062 648 3130 Medea
670 3062 826 3129 miratast
849 3062 974 3144 ducem,

481 3176 606 3262 Ignota
626 3175 735 3243 tauris
757 3175 976 3262 inligaturum
997 3175 1078 3261 iuga

524 3286 690 3355 Perunxit
710 3287 773 3355 hoc
794 3287 964 3371 Iasonem3

481 3399 556 3467 Hoc
577 3399 736 3467 delibutis
758 3400 833 3467 ulta
857 3400 953 3467 donis
973 3398 1135 3489 paelicem

525 3510 689 3600 Serpentc
712 3512 802 3598 fugit
823 3512 915 3579 alite.

481 3623 554 3692 Nec
574 3646 692 3690 munus
714 3622 838 3690 umeris
861 3622 1006 3691 efficacis
1027 3621 1183 3691 Herculis

523 3734 653 3802 Inersit
674 3734 869 3802 aestuosius.

481 3845 553 3914 Nec
574 3852 693 3914 tantus
714 3868 869 3936 umquam
891 3845 1037 3914 siderum
1059 3845 1185 3914 insedit
1202 3867 1308 3935 vapor

523 3956 722 4027 Siticnlosae
745 3957 899 4046 Apuliae.

480 4070 532 4136 At
553 4071 662 4160 siquid
684 4093 838 4160 umquam
860 4071 930 4137 tale
952 4070 1189 4158 concupiveris,

523 4182 647 4263 Iooosa,
669 4181 855 4263 Maecenas,
876 4204 996 4270 precor

480 4293 616 4361 Manum
636 4294 751 4384 puella
772 4294 865 4362 savio
888 4299 1036 4382 opponat
1056 4299 1125 4374 tuo,

523 4404 688 4475 Extrema
709 4412 745 4475 et
766 4407 801 4473 in
821 4405 951 4496 sponda
972 4407 1079 4474 cubet

792 4734 999 4747 a·—
