3567 5700
680 485 704 536 θ

788 595 994 657 CARMINVM

478 781 664 849 Aeternum
687 782 854 849 meditans
877 781 978 849 decus

521 892 638 962 Stellio
659 894 807 961 inserere
830 899 866 960 et
886 893 1023 961 coneilio
1045 893 1161 962 Iovia?

478 1007 595 1075 Dicam
618 1007 757 1093 insigne,
780 1028 904 1087 recens,
927 1005 1036 1073 adhue

521 1118 689 1186 Indiotum
712 1139 769 1185 ore
791 1118 866 1186 alio.
910 1117 987 1185 Non
1008 1139 1104 1186 aecus
1125 1118 1159 1184 in
1181 1117 1270 1205 iugis

478 1308 606 1376 Edonis
628 1312 744 1397 stupet
765 1306 894 1374 Euhias

522 1420 671 1488 Hebrum
692 1419 898 1509 prospiciens
920 1425 956 1487 et
978 1419 1057 1486 nive
1080 1418 1254 1486 candidam

478 1533 628 1601 Thracen
651 1553 690 1599 ac
711 1531 796 1621 pede
817 1531 960 1598 barbaro

521 1645 715 1712 Lustratam
738 1643 931 1732 Rhodopen,
952 1649 992 1710 ut
1014 1643 1095 1710 mihi
1116 1642 1213 1710 devio

479 1833 585 1923 Ripae
608 1839 644 1901 et
666 1856 807 1901 vacuum
830 1856 945 1900 nemus

522 1946 641 2013 Mirari
663 1945 755 2012 libet.
800 1944 827 2011 0
850 1944 1018 2012 Naiadum
1039 1949 1159 2033 potens

479 2058 748 2147 Baccharumque
771 2056 955 2124 velentium

523 2169 684 2239 Procerus
707 2169 857 2236 manibus
876 2174 1011 2237 vertere
1033 2169 1189 2250 fraxinos,

482 2360 540 2428 Nil
562 2383 700 2450 parvum
723 2366 782 2427 aut
803 2358 922 2426 humili
942 2358 1047 2439 modo,

523 2471 583 2540 Nil
604 2473 744 2541 mortale
766 2473 891 2562 loquar.
935 2471 1041 2539 Dulce
1063 2471 1288 2559 pariculmnat,
1387 2469 1395 2495 ’

482 2584 509 2651 0
532 2584 675 2666 Lenaee,
697 2585 793 2675 sequi
814 2585 912 2652 deum

523 2695 720 2784 (lingentem
742 2696 844 2764 viridi
865 2703 1017 2785 tempora
1037 2695 1201 2784 pampino.

823 3102 963 3179 XXVI.

481 3257 561 3326 Vixi
583 3258 702 3348 puellis
725 3279 831 3347 nuper
852 3256 991 3324 idonens

480 3371 528 3438 Et
549 3371 693 3438 militavi
713 3394 778 3437 non
801 3370 872 3437 aine
895 3370 1018 3456 gloria;

524 3483 621 3551 Nunc
644 3507 737 3551 arma
759 3483 1016 3572 defunctumque
1037 3482 1125 3550 bello

568 3596 730 3664 Barbiton
752 3596 807 3663 hio
827 3595 939 3685 paries
961 3594 1106 3675 habebit,

482 3787 631 3853 Laevum
653 3786 801 3853 marinae
824 3785 880 3874 qui
903 3783 1046 3851 Veneris
1068 3784 1157 3851 latus

483 3897 649 3965 Custodit.
692 3896 765 3977 Hic,
787 3897 842 3964 hic
864 3898 977 3986 ponite
999 3895 1111 3963 lucida

526 4009 668 4077 Funalia
690 4016 726 4077 et
749 4015 862 4077 vectes
885 4015 921 4076 et
942 4032 1037 4076 arcus

568 4121 741 4211 Oppositia
762 4120 889 4189 foribus
911 4120 1066 4188 minaces.

482 4311 510 4379 0
533 4334 619 4402 quae
640 4314 773 4379 beatam
796 4311 875 4379 diva
895 4316 992 4379 tenes
1014 4309 1164 4399 Cyprum
1184 4316 1219 4377 et

482 4424 651 4512 Memphin
672 4429 841 4492 carentem
863 4421 1017 4490 Sithonia
1037 4422 1123 4503 nive,

525 4535 665 4622 Regina
688 4536 820 4603 sublimi
841 4535 973 4622 flagello

568 4647 683 4735 Tange
707 4647 833 4715 Chloen
855 4646 957 4714 semel
979 4651 1200 4733 arrogantem
