3567 5700
800 578 917 640 LIBER
938 580 1002 639 1111.

531 764 607 832 Non
628 763 739 852 hydra
759 771 850 831 seoto
873 786 1011 852 corpore
1034 765 1158 830 firmior

532 874 631 944 Vinci
653 874 820 943 dolentem
841 875 950 942 erevit
970 875 1005 942 in
1026 875 1213 956 Herculem,

573 985 801 1055 Monstrumve
823 987 1004 1055 submisere
1027 984 1142 1054 Colchi

615 1097 727 1166 Maius
748 1097 976 1167 Echioniaeve
998 1098 1143 1167 Thebae.

530 1254 659 1322 Menses
679 1252 851 1343 profundo,
872 1254 1042 1344 pnlobrior
1063 1254 1175 1338 exilit3

531 1366 682 1447 Laetare,
703 1365 810 1434 multa
831 1366 963 1455 promit
983 1367 1152 1453 integrum

574 1477 655 1546 Cum
678 1478 777 1546 laude
799 1477 962 1546 viotorem
984 1479 1138 1567 geritque

615 1589 750 1657 Proelia
772 1589 967 1677 coniugibus
992 1590 1164 1679 loquenda

530 1745 736 1833 Karthagini
756 1745 824 1813 iam
848 1769 913 1814 non
937 1767 999 1832 ego
1022 1745 1156 1813 nuntios

530 1857 663 1925 Mittam
684 1858 859 1947 superbos:
885 1857 1017 1937 occidit
1039 1857 1162 1925 oooidit

573 1968 657 2060 Spes
679 1969 784 2037 omnis
806 1977 842 2037 et
861 1971 997 2037 fortuna
1017 1969 1124 2037 nostri

615 2082 767 2150 Nominis
788 2081 1000 2150 Hasdrubale
1021 2077 1242 2172 interempto?

530 2237 588 2304 Nil
611 2236 771 2305 Claudiae
793 2261 858 2304 non
879 2237 1058 2326 perficiunt
1079 2261 1204 2319 manus,

531 2348 620 2432 Quas
642 2355 678 2416 et
697 2349 841 2437 benigno
863 2348 996 2416 numine
1019 2349 1170 2439 Iuppiter

572 2461 734 2528 Defendit
756 2466 792 2528 et
813 2483 911 2528 ourae
934 2483 1075 2548 sagaces

613 2572 809 2663 Expediunt
830 2594 891 2660 per
914 2579 1013 2641 aeuta
1033 2573 1122 2642 belli

876 2934 921 3011 V.

529 3090 627 3158 Divis
649 3094 721 3158 orte
743 3089 847 3170 bonis,
868 3090 993 3179 optime
1015 3089 1178 3157 Romulae

530 3200 650 3269 Custos
671 3201 791 3289 gentis,
814 3202 894 3270 abes
916 3202 982 3269 ium
1003 3201 1140 3269 nimium
1162 3202 1233 3286 diu3

528 3313 699 3382 Maturum
719 3314 866 3382 reditum
886 3313 1057 3402 pollicitus
1079 3320 1213 3403 patrum

571 3425 693 3495 Sancto
717 3425 852 3494 oonsilio
874 3425 956 3494 redi.

527 3584 651 3650 Lnoem
672 3581 774 3650 redde
796 3587 884 3662 tuae,
907 3579 974 3648 dux
995 3581 1089 3662 bone,
1110 3582 1259 3670 patriae:

527 3695 640 3761 Instar
661 3694 751 3760 veris
773 3693 860 3759 enim
881 3692 994 3760 voltus
1016 3693 1073 3759 ubi
1094 3697 1174 3761 tuus

527 3804 679 3872 Adfulsit
699 3803 830 3893 populo,
852 3805 984 3891 gratior
1006 3805 1035 3871 it
1056 3804 1128 3874 dies

568 3915 616 3983 Et
638 3917 724 3984 soles
745 3915 864 3985 melius
885 3916 1004 3983 nitent

527 4081 575 4149 Vt
594 4087 702 4148 mater
723 4081 885 4163 iuvenem,
908 4104 1004 4172 quem
1025 4080 1136 4149 Notus
1158 4082 1272 4149 invido

526 4192 628 4261 Flatn
651 4191 826 4281 Carpathii
846 4199 943 4261 trans
965 4195 1066 4261 maris
1088 4216 1234 4283 aequora

528 4304 746 4373 Cunctantem
767 4305 878 4394 spatio
900 4305 1032 4392 longius
1054 4329 1163 4373 annuo

567 4416 667 4484 Duloi
690 4416 831 4485 distinet
854 4417 893 4484 *a
915 4417 1020 4500 domo,

526 4578 625 4646 Votis
646 4580 871 4669 ominibusque
894 4585 931 4647 et
951 4582 1105 4669 precibus
1125 4588 1232 4662 vocat

527 4689 636 4757 Curvo
656 4713 717 4758 neo
737 4691 855 4759 faeiem
876 4692 976 4760 litore
1000 4692 1163 4761 dimovet:

527 4801 582 4871 Sio
605 4802 780 4872 desideriis
801 4804 870 4874 iota
890 4805 1045 4873 fidelibus

569 4912 709 4999 Quaerit
729 4917 843 5006 patria
865 4915 1051 4986 Caesarem
