3567 5700
810 565 968 629 EPODON

472 752 566 820 Diris
589 775 686 840 agam
707 775 783 837 vos;
805 752 881 820 dira
901 751 1082 820 detestatio

514 863 618 931 Nulla
640 863 794 952 expiatur
814 863 962 932 victima.

472 976 568 1058 Quin,
591 975 648 1043 ubi
670 976 778 1059 perire
801 976 912 1044 iussus
936 977 1159 1064 exspiravere,

513 1086 706 1155 Nocturnus
731 1110 901 1155 occurram
923 1087 1031 1154 Furor

470 1199 652 1288 Petamque
676 1198 789 1266 voltus
811 1197 928 1266 umbra
950 1198 1061 1266 curvis
1085 1200 1260 1287 unguibus,

514 1309 608 1393 Quae
630 1311 682 1378 vis
704 1310 876 1377 deorumst
897 1310 1053 1393 Manium,

470 1423 517 1491 Et
537 1422 696 1513 inquietis
719 1423 875 1490 adsidens
898 1423 1104 1513 praecordiis

513 1534 644 1602 Pavore
666 1557 797 1603 somnos
819 1535 976 1602 auferam

471 1647 540 1715 Vos
562 1647 664 1714 turbe
685 1647 822 1714 vicatim
842 1646 920 1714 hinc
942 1653 978 1714 ct
999 1647 1076 1714 hinc
1098 1647 1190 1714 saxis
1212 1651 1332 1734 petens

514 1758 707 1826 Contundet
728 1759 1010 1842 obscenas‘anus3

473 1871 554 1938 Post
575 1870 746 1959 insepulta
767 1871 914 1938 membra
936 1870 1094 1938 different
1114 1869 1185 1958 lupi

513 1982 561 2048 Et
582 1981 794 2072 *Esquilinae
818 1981 926 2063 alites,

471 2093 588 2184 Neque
610 2094 673 2160 hoc
694 2098 860 2182 parentes,
881 2093 955 2174 heu,
977 2092 1059 2159 mihi
1082 2093 1291 2180 superstites,

513 2205 684 2292 Effugcrit
705 2200 951 2294 spectaculum?

858 2652 921 2729 VI.

470 2805 559 2888 Quid
581 2806 783 2875 inmerentes
805 2806 955 2895 hospites
977 2828 1090 2889 vexas,
1113 2808 1205 2876 canis

512 2919 662 3006 Ignarus
683 2919 859 2986 adversum
880 2920 1002 3008 lupos?

469 3030 557 3114 Quin
579 3032 643 3099 huc
664 3031 789 3111 inanes,
813 3031 860 3097 †si
883 3038 988 3120 potes,
1009 3032 1117 3099 vertis
1138 3033 1244 3100 minas

511 3143 559 3210 Et
580 3165 631 3209 me
652 3165 875 3210 remorsurum
896 3143 1026 3231 *petisP
1236 3191 1240 3200 ·

469 3254 557 3322 Nam
579 3254 687 3344 qualis
710 3262 770 3322 aut
790 3254 939 3323 Molosus
963 3261 1024 3323 aut
1045 3255 1158 3323 fulvus
1179 3255 1269 3323 [aco

510 3364 631 3434 Amica
652 3366 705 3434 vis
726 3367 927 3456 pastoribus,

467 3477 579 3566 Agam
600 3478 767 3567 pereites
789 3501 869 3547 aure
889 3478 1023 3547 sublata
1043 3478 1147 3561 nives,

511 3588 745 3680 Quaecumque
766 3590 949 3679 praecedet
970 3591 1051 3658 fera

468 3702 519 3768 Tu
541 3725 613 3769 cum
635 3702 784 3770 timenda
801 3725 883 3771 voce
907 3703 1081 3792 complesti
1103 3725 1226 3784 nemus,

510 3814 700 3881 Proiectum
722 3814 871 3881 odoraris
895 3815 1011 3882 cibum.

467 3923 565 4007 Cave,
588 3946 685 3993 cave:
706 3948 846 4016 namque
867 3927 904 3992 in
922 3927 1029 3995 melos
1049 3928 1251 4016 asperrimus

508 4037 635 4105 Parata
655 4037 739 4104 tollo
763 4062 892 4119 cornus„

467 4147 584 4229 Qualis
607 4148 800 4238 Lycambae
822 4156 956 4239 spretus
978 4150 1081 4218 infido
1103 4173 1207 4237 gener

508 4259 582 4327 Aut
604 4283 681 4329 acer
703 4261 810 4329 hostis
832 4260 971 4350 Bupalo.

466 4370 530 4453 An,
553 4372 657 4461 siquis
679 4378 753 4440 atro
776 4373 877 4440 dente
899 4395 951 4440 me
973 4373 1143 4462 petiverit,

508 4483 639 4551 Inultus
661 4490 701 4551 ut
720 4484 805 4551 flebo
827 4485 937 4573 puer?

810 4758 1016 4771 “-
