3567 5700
792 558 998 620 CARMINVM

524 743 604 811 Mox
628 744 772 810 iuniores
795 744 924 831 quaerit
947 742 1116 811 adulteros

524 855 620 923 Inter
641 855 755 921 mariti
776 855 863 934 vina,
887 876 993 944 neque
1016 855 1122 941 eligit,

569 965 632 1033 Cui
654 966 755 1033 donet
776 965 974 1053 inpermissa
995 966 1119 1056 raptim

611 1076 745 1145 Gaudia
767 1077 945 1143 luminibus
966 1078 1112 1158 remotis,

524 1232 591 1299 Sed
612 1232 703 1299 iussa
725 1255 834 1299 coram
857 1256 922 1298 non
943 1232 1015 1298 siue
1038 1233 1167 1300 conscio

525 1342 642 1429 Surgit
666 1344 794 1422 marito,
817 1364 876 1410 seu
895 1350 995 1410 vocat
1016 1342 1151 1410 institor

567 1453 634 1521 Seu
656 1454 751 1520 navis
772 1454 942 1542 Hispanae
964 1453 1133 1540 magister,

609 1565 818 1632 Dedecorum
839 1565 1007 1654 pretiosus
1029 1571 1166 1653 emptor.

523 1719 599 1788 Non
621 1719 674 1787 his
696 1721 852 1788 iuventus
876 1726 951 1788 orta
974 1721 1169 1808 parentibus

522 1831 644 1898 Infecit
666 1854 789 1921 aequor
811 1833 973 1918 sanguine
995 1831 1119 1899 Punico

564 1938 796 2032 Pyrrhumque
819 1950 853 2009 et
872 1944 1042 2028 ingentem
1065 1943 1185 2011 cecidit

608 2053 810 2121 Antiochum
823 2054 1118 2144 'Hannibalemque
1141 2054 1265 2137 dirum

523 2208 589 2277 Sed
610 2209 810 2276 rusticorum
831 2209 978 2275 mascula
1000 2207 1143 2276 militum

521 2321 645 2400 Proles,
668 2318 809 2386 Sabellis
833 2320 932 2386 docta
954 2320 1120 2405 ligonibus

564 2431 708 2498 Versare
733 2431 868 2516 glaebas
890 2437 926 2497 et
947 2453 1084 2498 severae

606 2542 727 2608 Matris
749 2542 792 2608 ad
815 2542 990 2609 arbitrium
1011 2543 1135 2611 recisos

521 2696 662 2763 Portare
683 2697 798 2775 fustes
819 2694 875 2763 Sol
896 2697 954 2763 ubi
974 2698 1135 2765 montium

521 2809 672 2878 Mutaret
694 2808 829 2876 umbras
852 2813 887 2875 et
910 2809 991 2895 iuga
1015 2809 1165 2877 demeret

563 2921 676 2989 Bobus
698 2921 852 3008 fatigatis
874 2921 1013 2987 amioum

606 3033 750 3121 Tempus
774 3054 877 3118 agens
899 3032 1042 3098 abeunte
1066 3055 1172 3098 curru.

519 3188 689 3254 Damnosa
709 3186 789 3277 quid
810 3211 874 3253 non
897 3185 1052 3253 inminuit
1073 3184 1168 3253 dies?

518 3298 625 3365 Aetas
648 3303 832 3386 parentum,
858 3298 950 3385 peior
970 3297 1052 3376 avis,
1074 3298 1155 3364 tulit

561 3408 632 3476 Nos
654 3410 838 3499 nequiores,
860 3433 936 3475 mox
958 3407 1095 3476 daturos

602 3521 799 3606 Progeniem
821 3520 1035 3587 vitiosiorem

847 3883 933 3959 VII.

518 4033 608 4115 Quid
630 4035 698 4111 fles,
720 4033 866 4116 Asterie,
890 4057 986 4124 quem
1005 4035 1069 4102 tibi
1092 4036 1225 4103 candidi

516 4145 627 4212 Primo
649 4146 832 4213 restituent
853 4168 932 4213 vere
954 4145 1095 4213 Favonii

560 4256 681 4345 Thyna
701 4279 809 4325 merce
831 4259 974 4337 beatum

604 4365 798 4435 Constantis
820 4369 973 4436 iuvenem
994 4370 1067 4451 fide,

517 4530 665 4618 Gygen?
708 4531 770 4597 Ille
793 4531 881 4599 notis
904 4537 998 4599 actus
1022 4531 1065 4599 ad
1087 4533 1220 4600 Oricum

516 4642 599 4709 Post
621 4642 739 4709 insana
762 4640 891 4732 Caprae
915 4643 1024 4710 sidera
1043 4645 1186 4731 frigidas

558 4752 684 4820 Noctes
706 4778 771 4820 non
794 4753 864 4820 sine
887 4753 999 4820 multis

601 4863 764 4931 Insomnis
787 4864 932 4931 lacrimis
954 4865 1035 4951 agit.
