3567 5700
801 594 919 658 LIBER
940 594 976 656 Π.

522 778 598 848 Non
622 781 709 846 enim
731 802 837 866 gazae
859 802 967 869 neque
989 780 1170 848 consueris

522 889 704 958 Submovet
725 890 825 958 lictor
847 892 984 958 miseros
1006 891 1169 958 tumultus

522 1001 646 1068 Mentis
670 1008 706 1069 et
728 1025 824 1070 curas
847 1003 1003 1092 laqueata
1026 1003 1149 1070 circum

563 1113 669 1181 Tecta
691 1113 853 1180 volantes.

521 1284 658 1352 Vivitur
679 1307 784 1373 parvo
808 1287 904 1365 bene,
927 1286 980 1352 oui
1002 1290 1179 1373 paternum

520 1394 682 1485 Splendet
704 1396 738 1462 in
760 1419 875 1464 mense
897 1397 992 1463 tenui
1014 1396 1156 1463 salinum

520 1506 591 1574 Nec
613 1507 705 1574 leves
727 1531 857 1575 somnos
880 1509 981 1576 timor
1000 1514 1060 1575 aut
1081 1508 1200 1596 cupido

562 1617 724 1686 Sordidus
745 1619 864 1686 aufert.

519 1788 608 1871 Quid
628 1790 724 1856 brevi
746 1790 851 1857 fortes
873 1790 1056 1857 iaculamur
1078 1813 1161 1858 aevo

519 1900 652 1968 Multa?
696 1900 784 1983 Quid
806 1907 916 1968 terras
942 1902 1008 1968 alio
1032 1902 1180 1969 calentes

519 2011 595 2079 Sole
618 2014 807 2080 mutamus?
851 2012 988 2081 Patriae
1010 2015 1084 2103 quis
1107 2015 1201 2082 exsul

562 2122 605 2190 Se
629 2146 759 2213 quoque
781 2125 895 2211 fugit?

518 2294 658 2363 Soandit
681 2302 813 2363 aeratas
835 2297 961 2364 vitiosa
982 2318 1084 2363 naves

520 2404 609 2474 Oura
631 2428 692 2474 nec
714 2413 842 2475 turmas
865 2409 1015 2497 equitum
1037 2408 1204 2497 relinquit,

519 2517 617 2586 Ocior
640 2520 748 2586 cervis
771 2526 806 2586 et
829 2526 952 2606 agente
974 2520 1101 2587 nimbos

562 2629 661 2697 Ocior
682 2630 783 2697 Euro.

519 2802 645 2870 Laetus
666 2803 700 2870 in
722 2825 880 2892 praesens
903 2802 1032 2872 animus
1053 2802 1140 2893 quod
1161 2804 1285 2872 ultrast

519 2913 638 2981 Oderit
659 2937 776 2982 curare
799 2920 834 2981 et
856 2915 1084 2982 amarulente

517 3026 696 3115 Temperet
717 3027 803 3111 risu;
826 3026 910 3093 nihil
933 3033 986 3094 est
1009 3027 1049 3093 ab
1073 3028 1161 3094 omni

561 3137 662 3205 Parte
683 3139 825 3206 beatum.

517 3309 672 3377 Abstulit
690 3310 815 3378 alarum
838 3309 906 3377 cita
927 3332 1015 3377 mors
1039 3309 1230 3391 *Achillem

517 3419 635 3508 Longa
656 3421 836 3489 Tithonum
853 3421 974 3488 minuit
992 3427 1160 3506 senectus3

516 3532 564 3599 Et
584 3533 666 3599 mihi
687 3534 808 3615 forsan,
830 3534 893 3600 tibi
916 3533 1003 3623 quod
1026 3532 1169 3620 negarit,

559 3644 715 3731 Porriget
736 3646 827 3711 hora.

516 3816 563 3883 'l'e
586 3838 708 3903 greges
730 3822 861 3883 centum
883 3815 1079 3905 Siculaeque
1102 3816 1224 3883 circum

516 3928 674 4015 Mugiunt
692 3950 822 4009 vaccae,
844 3927 909 3994 tibi
930 3927 1022 3993 tollit
1044 3927 1210 3994 hinnitum

517 4039 610 4128 Apta
631 4040 805 4129 quadrigis
827 4061 919 4129 equa,
941 4046 976 4105 te
998 4039 1050 4105 bis
1071 4039 1157 4105 Afro

558 4150 687 4218 Murice
709 4151 836 4218 tinctae

517 4320 679 4390 Vestiunt
700 4323 812 4407 lanae;
833 4322 915 4388 mihi
937 4345 1043 4411 parva
1064 4343 1144 4389 rora
1166 4328 1201 4387 et

517 4433 679 4523 Spiritum
701 4434 826 4502 Graiae
848 4443 981 4501 tenuem
1003 4433 1168 4500 Camenae

516 4546 624 4615 Parca
645 4569 710 4613 non
733 4546 875 4614 mendax
899 4545 994 4614 dedit
1016 4553 1051 4612 et
1073 4545 1253 4631 malignum

560 4657 724 4747 Spernere
747 4658 873 4744 volgus.

782 4879 988 4892 ψ
