3567 5700
797 583 1004 644 CARMINVM
1127 588 1130 593 ’

537 767 695 833 Liberum
718 773 752 832 et
773 766 887 833 Musas
910 766 1139 855 Veneremque
1163 774 1199 833 ct
1220 767 1271 833 illi

536 878 673 967 Semper
695 878 888 944 haerentem
911 901 1050 966 puerum
1073 880 1215 946 canebat

535 991 582 1056 Et
603 991 732 1078 Lycum
754 990 859 1074 nigris
883 991 986 1056 oculis
1009 991 1169 1080 nigroque

580 1100 679 1168 Crine
701 1101 863 1168 decorum.

535 1273 563 1340 Ο
587 1273 686 1341 decus
708 1273 834 1339 Phoebi
857 1279 894 1339 et
917 1273 1058 1360 dapibus
1082 1275 1228 1361 supremi

536 1385 644 1452 Grata
665 1384 800 1452 testudo
822 1384 922 1465 Iovis,
945 1409 963 1452 ο
985 1386 1136 1453 laborum

534 1497 641 1563 Dulce
663 1496 806 1562 lenimen
828 1496 1064 1586 medicumque,
1087 1498 1181 1565 salve

577 1608 658 1674 Rite
682 1607 833 1675 vocanti!

806 1985 989 2061 XXXIII.

533 2138 623 2221 Albi,
645 2162 686 2207 ne
710 2140 824 2207 doleas
845 2140 921 2228 plus
942 2140 1043 2207 nimio
1065 2163 1189 2208 memor

532 2251 665 2318 Inmitis
689 2250 855 2339 Glycerae
877 2274 944 2319 neu
964 2252 1172 2319 miserabiles
1304 2323 1315 2346 ο

532 2364 702 2431 Decantes
725 2363 845 2449 elegos,
868 2387 927 2430 cur
946 2364 1009 2430 tibi
1032 2364 1141 2431 iunior

575 2474 686 2542 Laesa
708 2475 902 2563 praeniteat
922 2475 997 2542 fide.

531 2644 701 2731 Insignem
722 2647 817 2714 tenui
838 2648 949 2714 fronte
973 2647 1145 2735 Lycorida

532 2755 615 2844 Cyri
636 2762 745 2824 torret
767 2782 867 2838 arnor,
891 2757 1002 2848 Cyrus
1024 2759 1058 2825 in
1081 2780 1234 2846 asperam

530 2870 687 2937 Declinat
710 2870 874 2937 Pholoen:
898 2870 958 2938 sed
979 2871 1072 2958 prius
1093 2870 1215 2960 Apulis

573 2980 760 3067 Iungentur
782 3004 924 3071 capreae
946 2982 1042 3071 lupis,

532 3152 639 3233 Quam
659 3154 751 3240 turpi
774 3154 899 3221 Pholoe
922 3161 1038 3243 peccet
1060 3154 1221 3221 adultero.

530 3261 586 3331 Sic
606 3265 715 3332 visum
736 3265 870 3346 Veneri,
894 3266 946 3333 cui
967 3266 1081 3354 placet
1102 3265 1236 3354 inpares

529 3374 669 3444 Formas
691 3384 793 3466 atque
816 3377 943 3444 animos
965 3379 1024 3444 sub
1046 3378 1128 3464 iuga
1151 3377 1279 3445 ahenea

573 3487 681 3555 Saevo
703 3489 839 3556 mittere
863 3514 935 3557 cum
955 3489 1036 3557 ioco.

530 3658 642 3746 Ipsum
664 3682 716 3725 me
738 3661 855 3727 melior
878 3684 951 3728 cum
974 3667 1108 3748 peteret
1128 3660 1250 3742 Venus,

531 3770 639 3837 Grata
659 3771 805 3838 detinuit
829 3772 985 3858 compede
1006 3771 1156 3859 Myrtale

528 3883 713 3964 Libertina,
736 3884 834 3950 fretis
855 3884 964 3951 acrior
985 3882 1135 3949 Hadriae

573 3993 754 4062 Curvantis
776 3993 938 4062 Calabros
960 3995 1061 4062 sinus.

789 4373 993 4447 XXXIIII.

526 4525 652 4592 Parcus
676 4526 812 4592 deorum
834 4526 942 4592 cultor
963 4533 998 4591 et
1018 4526 1219 4616 infrequens,

526 4635 730 4703 Insanientis
753 4638 831 4702 dum
853 4637 1041 4724 sapientiae

570 4746 749 4815 Consultus
772 4771 854 4829 erro,
877 4772 964 4815 nunc
986 4755 1170 4815 retrorsum

609 4859 696 4926 Vela
717 4859 798 4926 dare
821 4866 920 4948 etque
943 4860 1068 4927 iterare
1091 4883 1207 4928 cursus
