3567 5700
809 590 926 651 LIBER
947 591 981 649 11.

501 773 568 841 Sed
588 795 640 841 me
663 796 723 862 per
745 773 860 842 hostes
882 774 1067 843 Mercurius
1090 776 1178 844 celer

501 886 613 952 Denso
634 892 814 974 paventem
836 886 975 953 sustulit
998 909 1091 969 aere3

542 995 589 1063 Te
612 1019 729 1064 rursus
752 997 785 1062 in
808 997 931 1064 bellum
952 1000 1127 1066 resorbens

583 1107 684 1175 Vnda
705 1108 803 1176 fretis
825 1110 907 1175 tulit
930 1111 1103 1177 aestuosis.

498 1263 589 1349 Ergo
613 1263 794 1350 obligatam
815 1263 918 1330 redde
940 1263 1015 1331 Iovi
1036 1265 1154 1352 dapem

498 1374 681 1464 Longaque
703 1375 826 1442 fessum
848 1375 970 1441 militia
991 1376 1082 1443 latus

540 1486 679 1575 Depone
702 1488 762 1554 snb
785 1487 882 1555 lauru
904 1509 1058 1554 menneo

583 1597 689 1666 Parce
713 1598 805 1666 cadis
826 1599 890 1665 tibi
914 1598 1100 1666 destinatis.

498 1752 667 1821 Oblivioso
690 1754 780 1821 levia
802 1753 943 1820 Massico

498 1863 633 1932 Ciboria
654 1866 759 1953 exple,
782 1866 882 1931 funde
906 1865 1083 1952 capacibus

540 1975 721 2063 Vngnenta
744 1976 785 2043 de
808 1976 948 2043 conchis.
992 1975 1075 2057 Quis
1097 1975 1162 2043 udo

583 2088 816 2177 Deproperare
836 2087 912 2175 apio
936 2110 1072 2154 coronas

497 2241 644 2310 Caratve
667 2246 803 2330 myrto?
847 2241 953 2323 Quem
975 2242 1088 2308 Venus
1112 2242 1273 2307 arbitrum

497 2354 597 2421 Dicet
618 2355 777 2421 bibendi?
821 2353 897 2420 Non
918 2376 980 2439 ego
1004 2353 1118 2420 sanius

539 2465 731 2533 Bacchabor
752 2466 896 2533 Edonis:
919 2471 1052 2552 recepto

582 2577 688 2644 Dulce
711 2577 792 2644 mihi
812 2579 958 2643 firrerest
978 2576 1091 2643 amico.

784 2793 986 2802 -—.—-—--

494 3102 573 3170 Vlla
594 3102 622 3167 si
644 3101 727 3169 iuris
749 3101 812 3167 tibi
834 3099 995 3188 perierati

493 3214 611 3290 Poena,
636 3212 786 3291 *Barine
809 3211 978 3278 nocuisset
999 3235 1160 3299 umquam,

493 3326 602 3391 Dente
626 3325 655 3390 si
676 3324 773 3409 nigro
798 3324 897 3389 fieres
920 3324 972 3389 vel
995 3346 1060 3388 nno

534 3435 676 3523 Turpior
698 3434 810 3520 ungui,

493 3588 677 3656 Crederem.
722 3586 789 3654 Sed
811 3593 851 3653 tn
873 3587 971 3653 simul
993 3588 1151 3673 obligasti

490 3700 657 3768 Perfidnm
679 3700 768 3767 votis
791 3704 901 3786 capnt,
924 3698 1080 3765 enitescis

490 3811 665 3879 Pulchrior
686 3811 790 3877 multo
813 3811 1033 3899 iuvenumque
1055 3810 1169 3898 prodis

534 3922 674 3990 Publica
696 3946 783 3990 cura.

490 4077 638 4166 Expedit
660 4078 778 4143 matris
801 4077 929 4150 cineres
952 4082 1087 4163 opertos

490 4188 623 4256 Fallere
646 4194 682 4254 et
702 4194 776 4254 toto
797 4187 969 4254 taciturna
988 4188 1096 4254 noctis

491 4300 594 4387 Signa
613 4323 686 4366 cum
708 4301 799 4367 caelo
821 4299 998 4388 gelidaque
1021 4298 1116 4387 divos

531 4412 640 4479 Morte
663 4417 823 4478 carentes.

490 4567 594 4633 Ridet
615 4565 685 4647 hoo,
707 4566 849 4654 inquam,
870 4564 984 4629 Venus
1006 4564 1088 4649 ipsa,
1111 4563 1223 4631 rident

491 4678 663 4767 Simplices
684 4676 871 4765 Nymphae,
892 4675 983 4741 ferus
1007 4681 1042 4740 et
1066 4673 1203 4762 Cupido,

491 4789 626 4877 Semper
649 4789 806 4855 ardentes
829 4808 951 4853 acuens
972 4786 1116 4872 sagittas

533 4900 615 4968 Cote
638 4905 783 4967 cruenta
