3567 5700
858 858 925 933 XI.

478 1015 632 1093 Mercuri,
655 1038 729 1080 num
751 1022 786 1080 te
810 1013 927 1080 docilis
948 1013 1108 1098 magistro

479 1126 587 1193 Movit
608 1125 775 1213 Amphion
796 1125 928 1213 lapides
950 1124 1106 1199 canendo,

480 1237 595 1326 Tuque
618 1235 753 1303 testudo
776 1257 932 1302 resonare
955 1240 1082 1323 septem

525 1346 656 1415 Callida
679 1348 799 1427 nervis,

480 1521 552 1588 Neo
574 1519 695 1608 loquax
718 1520 796 1585 olim
819 1540 923 1607 neque
946 1524 1059 1604 grata,
1083 1522 1228 1582 nuncet

480 1631 635 1698 Divitum
657 1631 779 1697 mensis
801 1637 836 1696 et
858 1630 964 1696 amica
986 1627 1129 1716 templis,

480 1743 687 1822 Diomedes,
710 1741 807 1830 Lyde
830 1742 949 1830 quibus
972 1740 1160 1807 obstinatas

523 1854 684 1942 Adplicet
703 1875 816 1935 aures;

481 2024 575 2106 Quae
598 2024 692 2090 velut
714 2025 792 2090 latis
815 2046 900 2112 equa
922 2023 1023 2090 trima
1044 2024 1168 2112 campis

482 2137 587 2203 Ludit
611 2136 768 2202 exsultim
788 2136 973 2223 metuitque
995 2137 1098 2222 tangi,

482 2247 684 2336 Nuptiarum
707 2268 826 2335 expers
848 2254 883 2313 et
903 2247 1011 2313 adhue
1033 2252 1191 2335 protervo

526 2357 638 2425 Cruda
661 2358 791 2425 marito.

482 2529 534 2596 Tu
556 2535 651 2617 potes
672 2530 781 2614 tigres
803 2529 1004 2619 comitesque
1026 2530 1129 2597 silvas

483 2642 613 2707 Ducere
638 2646 673 2706 et
692 2640 783 2706 rivos
806 2641 931 2707 celeres
953 2642 1090 2724 moram

484 2751 595 2818 Cessit
616 2753 766 2818 immanis
787 2752 852 2819 tibi
873 2753 1059 2819 blandienti

525 2864 655 2931 Ianitor
676 2864 773 2931 aulae

484 3033 669 3121 [Cerberus
693 3036 842 3124 quamvis
863 3035 984 3102 furiale
1008 3043 1140 3102 centum

483 3145 638 3213 Muniant
658 3169 784 3233 angues
807 3154 907 3235 ceput
929 3147 1000 3213 eius
1024 3153 1125 3236 atque

485 3256 632 3345 Spiritus
653 3265 764 3325 taeter
787 3260 962 3348 saniesque
985 3264 1098 3325 manet

528 3369 594 3436 Ore
617 3368 790 3456 trilingui]

487 3539 576 3621 Quin
599 3547 635 3606 et
656 3539 752 3607 Ixion
773 3541 958 3630 Tityosque
979 3541 1074 3608 voltu

484 3649 577 3718 Risit
597 3652 712 3732 invito,
742 3652 840 3720 stetit
861 3675 946 3719 urna
968 3653 1102 3741 paulum

485 3761 589 3843 Sicca,
616 3763 693 3830 dum
715 3770 811 3850 grato
834 3764 945 3831 Danai
967 3765 1097 3853 puellas

529 3873 684 3943 Carmine
706 3875 838 3942 mulces.

486 4046 616 4113 Audiat
635 4045 733 4136 Lyde
755 4047 861 4113 scelus
884 4054 984 4136 atque
1008 4054 1105 4114 notas

486 4157 663 4243 Virginum
684 4179 809 4246 poenas
832 4164 866 4224 et
887 4156 985 4225 inane
1008 4159 1165 4248 lymphae

486 4268 621 4335 Delium
643 4268 744 4335 fundo
768 4270 939 4357 pereuntis
961 4269 1026 4337 imo

530 4379 677 4468 Senaque
699 4382 779 4460 fata,

488 4550 580 4632 Quae
602 4556 738 4618 manent
761 4551 874 4638 culpas
897 4553 998 4619 etiam
1021 4553 1080 4618 sub
1101 4551 1194 4619 Orco.

486 4663 612 4750 Inpiao,
635 4662 824 4752 (namquid
846 4671 986 4751 potuere
1009 4664 1150 4749 maius?)

487 4774 605 4862 Inpiae
626 4798 764 4862 sponsos
784 4781 923 4864 potuere
947 4775 1028 4841 duro

524 4884 676 4952 Perdere
699 4886 796 4953 ferro.
