3567 5700
779 944 881 1021 XVI.

464 1099 492 1166 Ο
514 1106 619 1167 matre
640 1099 780 1188 pulchra
800 1100 871 1166 filia
892 1100 1069 1188 pulchrior,

463 1210 568 1294 Quem
591 1211 775 1279 criminosis
798 1233 935 1301 eumque
957 1212 1051 1279 voles
1072 1213 1204 1281 modum

504 1323 613 1391 Penes
634 1323 761 1405 iambis,
782 1324 853 1391 sive
874 1324 1006 1391 flamma

547 1433 626 1502 Sive
648 1436 732 1503 mari
753 1435 837 1503 libet
859 1435 1040 1504 Hadriano.

462 1625 539 1694 Non
560 1626 781 1716 Dindymene,
804 1651 869 1694 uon
892 1627 1007 1716 adytis
1028 1628 1138 1718 quatit

461 1737 608 1806 Mentem
630 1739 838 1807 sacerdotum
859 1739 968 1807 incola
988 1739 1142 1829 Pythius

504 1849 580 1918 Non
603 1851 706 1918 Liber
728 1872 842 1941 aeque,
863 1874 929 1919 non
951 1859 1052 1920 acuta

449 1971 453 1978 '
548 1960 586 2028 Si
607 1962 778 2049 geminant
800 1961 1012 2052 Corybantes
1035 1985 1121 2045 aera,

463 2151 593 2219 'histes
613 2160 654 2219 ut
674 2152 752 2234 irae,
775 2175 857 2243 quas
877 2174 986 2243 neque
1006 2151 1148 2220 Noricus

463 2262 624 2331 Deterret
646 2263 735 2332 ensis
757 2286 818 2332 nec
841 2287 932 2332 mare
953 2265 1151 2353 naufragum

505 2375 577 2443 Nec
600 2398 721 2444 saevus
742 2376 831 2464 ignis
852 2398 913 2446 uec
935 2376 1109 2445 tremendo

548 2489 701 2579 Iuppiter
722 2491 793 2579 ipse
815 2511 915 2557 ruens
936 2490 1092 2558 tumultu.

465 2677 587 2746 Fertur
608 2678 826 2747 Prometheus
851 2679 976 2748 addere
996 2680 1139 2770 principi

466 2790 559 2859 Limo
582 2797 717 2860 conaus
737 2791 938 2882 particulam
960 2792 1106 2884 undique

507 2904 685 2971 Desectam
707 2911 743 2972 et
763 2905 872 2972 insani
893 2906 1000 2973 leonis

549 3015 626 3083 Vim
648 3016 817 3085 stomacho
841 3016 1037 3106 adposuisse
1059 3023 1182 3085 nostro.

465 3205 539 3273 Ima
561 3205 734 3295 Thyesten
756 3207 860 3274 exitio
883 3208 981 3294 gravi

466 3316 622 3385 Stravere
645 3325 680 3385 et
701 3318 780 3386 altis
802 3320 939 3387 urbibus
958 3318 1097 3387 ultimae

508 3429 640 3498 Stetere
663 3453 789 3513 causae,
812 3454 870 3499 eur
890 3432 1042 3520 perirent

548 3542 714 3610 Funditus
736 3544 996 3634 inprimeretque
1017 3544 1120 3611 muris

465 3728 596 3801 Hostsse
619 3738 768 3800 aratrum
790 3734 957 3801 exercitus
978 3734 1133 3801 insolens.

466 3844 633 3935 Compesce
654 3850 814 3913 mentem:
836 3868 888 3912 me
911 3868 1041 3935 quoque
1063 3846 1209 3935 pectoris

507 3958 701 4048 Temptavit
720 3957 756 4023 in
777 3957 867 4025 dulei
887 3958 1025 4024 iuventa

550 4070 678 4138 Fervor
699 4076 735 4137 et
757 4070 793 4136 in
814 4070 939 4136 celeres
961 4070 1087 4137 iambos

465 4259 560 4327 Misit
579 4260 760 4344 furentem
783 4281 869 4326 nunc
892 4280 954 4345 ego
976 4259 1112 4326 mitibus

465 4371 596 4439 Mutare
618 4393 743 4461 quaero
763 4371 885 4452 tristia
908 4371 986 4438 dum
1005 4371 1086 4439 mihi

507 4483 585 4552 Fies
606 4484 792 4551 recantatis
815 4483 922 4551 amica

550 4595 746 4685 Opprobriis
768 4595 975 4686 animumque
999 4596 1129 4663 reddas.

729 4821 936 4834 —1
