3567 5700
775 577 892 639 LIBER
914 579 934 638 l.

490 763 646 832 Dissolve
669 763 778 850 frigus
799 763 893 851 ligna
914 788 1014 853 super
1035 766 1108 833 foco

491 876 602 962 Lange
626 897 790 963 reponens
812 880 914 966 atque
935 877 1114 963 benignius

531 988 699 1077 Deprome
722 987 929 1077 quadrimum
951 987 1082 1071 Sabina

575 1099 603 1166 0
625 1099 834 1181 Thaliarche,
857 1121 983 1168 merum
1006 1100 1108 1170 diota.

487 1271 652 1339 Permitte
675 1270 764 1339 divis
788 1277 916 1357 cetera3
938 1273 996 1363 qui
1018 1274 1114 1341 simul

488 1384 648 1452 Stravere
670 1390 790 1451 ventos
811 1406 954 1474 aequore
975 1386 1106 1454 fervido

529 1495 794 1584 Deproeliantes‚
817 1518 879 1563 nec
901 1498 1051 1586 cypressi

571 1606 645 1676 Nec
666 1614 799 1676 veteres
821 1607 998 1696 agitantur
1020 1610 1101 1677 orni

486 1781 575 1866 Quid
596 1780 643 1849 sit
664 1781 813 1848 futurum
835 1804 918 1862 cras,
940 1781 1019 1869 iuge
1042 1805 1202 1872 quaerere
1225 1791 1262 1852 et

486 1894 591 1978 Quem
613 1892 698 1962 Fors
720 1892 849 1961 dierum
871 1916 1009 1984 cumque
1031 1894 1135 1978 debit,
1156 1898 1248 1965 lucro

526 2004 669 2096 Adpone
693 2028 754 2074 neo
777 2006 890 2074 dulces
913 2029 1042 2076 amores

570 2117 706 2208 Sperne,
727 2142 818 2208 puer,
843 2141 951 2208 neque
972 2125 1012 2186 tu
1031 2120 1177 2201 choreas,

483 2292 598 2359 Donec
618 2291 744 2359 virenti
766 2291 907 2359 canities
930 2292 1026 2359 abest

483 2403 625 2472 Morosa.
668 2403 766 2471 Nunc
788 2409 825 2471 et
845 2425 981 2492 campus
1004 2410 1040 2472 et
1063 2428 1161 2472 areae

525 2517 698 2606 Lenesque
721 2517 781 2583 sub
802 2522 934 2584 noctem
956 2517 1084 2584 susurri

568 2626 749 2717 Conposita
770 2634 969 2716 repetantur
990 2629 1083 2711 hora,

481 2799 578 2868 Nunc
600 2806 636 2868 et
656 2800 795 2869 latentis
816 2801 968 2890 proditor
990 2802 1108 2870 intimo

482 2912 609 2980 Gratus
625 2914 757 3001 puellae
779 2914 866 2983 risus
888 2916 931 2982 ab
954 2916 1077 3001 angulo

523 3024 714 3115 Pignusque
735 3026 910 3115 dereptum
931 3028 1069 3095 lacertis

565 3136 639 3205 Aut
660 3137 768 3225 digito
790 3138 876 3207 male
898 3140 1073 3228 pertinaci.

819 3451 866 3526 X.

478 3603 624 3672 Mercuri
643 3604 793 3685 facunde,
814 3627 918 3694 nepos
939 3604 1101 3688 Atlantis,

479 3715 544 3799 Qui
566 3717 655 3785 feros
677 3717 786 3785 oulen
807 3717 975 3785 hominum
998 3724 1168 3786 recentum

478 3828 567 3896 Voce
589 3829 743 3897 formasti
765 3835 861 3898 cetus
882 3836 919 3898 et
941 3831 1081 3899 decorae

520 3941 614 4008 More
636 3940 835 4031 palaestrae,

476 4096 525 4164 Te
547 4119 670 4178 canem,
693 4097 805 4183 magni
826 4096 919 4165 Iovis
942 4102 978 4165 et
1000 4098 1136 4166 deorum

475 4208 639 4276 Nuntium
662 4230 848 4299 curvaeque
870 4209 967 4298 lyrae
989 4217 1172 4300 parentem,

477 4320 649 4402 Callidum,
672 4321 832 4411 quidquid
851 4322 988 4412 placuit
1010 4324 1119 4391 iocoso

519 4432 669 4502 Condere
690 4433 791 4501 furto.

475 4589 532 4670 Te,
552 4590 654 4657 boves
676 4589 754 4656 olim
774 4589 841 4658 nisi
861 4589 1067 4660 reddidisses

475 4700 541 4768 Per
563 4701 674 4768 dolum
694 4706 831 4782 amoos,
853 4724 993 4791 puerum
1014 4704 1136 4773 minaci

475 4812 565 4880 Voce
587 4812 664 4880 dum
686 4818 802 4896 terret,
824 4815 946 4883 viduus
967 4816 1130 4905 pharetra

517 4924 609 4993 Risit
632 4925 763 5015 Apollo.
