3567 5700
795 584 952 646 EPODON

418 769 540 839 Cetera
558 772 655 838 mitte
675 771 781 860 loqui:
804 771 885 838 deus
906 771 989 839 haec
1010 771 1151 838 fortasse
1172 770 1318 856 benigna

460 882 613 950 Reducet
632 883 667 948 iu
690 882 800 949 sedem
823 883 905 950 vice.
948 882 1045 950 Nunc
1067 889 1102 949 et
1124 880 1349 950 Achaemenio

418 994 578 1061 Perfundi
601 994 703 1061 nardo
726 995 823 1061 iuvat
845 1001 880 1061 et
902 993 967 1060 fide
991 992 1153 1082 Cyllenea

461 1106 592 1173 Levare
613 1106 695 1173 diris
717 1111 853 1194 pectora
874 1105 1160 1186 sollicitudinibus,

417 1218 547 1286 Nobilis
568 1223 607 1285 ut
629 1219 750 1287 cecinit
769 1217 891 1305 grandi
911 1215 1098 1285 Centaurus
1119 1218 1266 1285 alumno:

459 1327 612 1412 ‘Invicta
634 1330 784 1397 mortalis
807 1329 870 1397 dea
890 1335 969 1397 nate
991 1352 1074 1419 puer
1095 1328 1246 1410 Thetide,

417 1442 464 1509 Te
486 1447 599 1508 manet
619 1440 781 1509 Assaraci
802 1441 913 1522 tellus,
935 1465 1031 1530 quam
1052 1440 1177 1528 frigide
1195 1441 1311 1529 †parvi

460 1553 608 1620 Findunt
629 1552 824 1621 Scamandri
845 1552 989 1635 flumina,
1010 1552 1157 1620 lubricus
1178 1557 1214 1619 et
1233 1551 1366 1632 Simois,

418 1664 514 1733 Vnde
537 1665 599 1732 tibi
621 1665 767 1733 reditum
788 1670 881 1733 curto
905 1664 1090 1733 subtemine
1112 1663 1236 1732 Parcae

460 1776 595 1865 Rupere
619 1799 680 1844 uec
701 1783 807 1844 mater
829 1776 960 1844 domurn
982 1777 1114 1847 caerula
1134 1782 1170 1844 te
1191 1776 1343 1844 revehet.

419 1888 495 1957 illio
515 1911 609 1956 omne
631 1889 753 1956 malum
775 1888 852 1956 vino
876 1896 1041 1979 cantuque
1063 1889 1184 1970 levato,

460 2001 628 2071 Deformis
650 2001 875 2090 aegrimoniae
896 2000 1047 2071 dulcibus
1066 1995 1251 2094 adloquiis’

827 2487 954 2562 XIIII.

420 2640 532 2707 Mollis
553 2640 677 2707 inertie
696 2663 754 2707 cur
776 2645 906 2707 tantam
928 2639 1101 2707 diffuderit
1122 2640 1196 2707 imis

463 2752 671 2819 Oblivionem
693 2752 851 2832 sensibus,

419 2866 544 2933 Pocula
566 2866 732 2933 Lethaeos
753 2871 793 2932 ut
814 2865 843 2933 si
865 2864 1022 2932 ducentia
1043 2888 1172 2933 somnos

462 2976 591 3045 Auente
613 2979 709 3045 fauce
731 2977 899 3058 traxerim,

422 3089 569 3157 Candide
591 3088 775 3171 Maecenas,
798 3089 922 3157 occidis
944 3111 1042 3177 saepe
1063 3088 1225 3176 rogando:

462 3201 563 3282 Dens,
586 3201 668 3268 deus
693 3224 768 3268 nam
790 3223 842 3268 me
863 3206 960 3268 vetat

420 3314 583 3402 Inceptos‚
606 3312 684 3380 olim
703 3313 900 3401 promissum
923 3336 1063 3394 carmen,
1084 3312 1210 3379 iambos

462 3424 518 3493 Ad
539 3425 727 3493 umbilicum
748 3426 921 3494 adducere.

419 3537 495 3605 Non
518 3538 620 3605 aliter
641 3536 749 3605 Samio
772 3538 887 3606 dicunt
909 3538 1032 3606 arsisse
1054 3536 1214 3625 Bathyllo

463 3649 678 3717 Anacreonta
697 3649 822 3731 Teium,

421 3761 486 3844 Qui
508 3783 669 3849 persaepe
692 3784 776 3829 cava
797 3761 969 3829 testudine
990 3762 1086 3829 flevit
1108 3782 1251 3827 amorem

462 3874 539 3942 Non
561 3873 765 3941 elaboratum
787 3873 831 3941 ad
850 3874 976 3962 pedem.

420 3986 537 4054 Vreris
558 3986 630 4074 ipse
650 3986 762 4054 miser:
786 3985 904 4076 quodsi
925 4009 991 4053 non
1012 3985 1181 4074 pulchrior
1202 3983 1292 4071 ignis

463 4095 629 4166 Accendit
650 4099 817 4166 obsessam
838 4097 934 4179 Hion,
1211 4079 1215 4089 ⁹

421 4207 540 4278 Gaude
563 4215 653 4278 sorte
675 4216 748 4294 tua;
769 4232 821 4277 me
843 4209 1009 4291 libertina,
1031 4230 1091 4276 nec
1112 4231 1176 4275 uno

464 4321 640 4404 Contenta,
662 4321 797 4411 Phryne
819 4325 973 4391 macerat

789 4652 992 4661 *—
