3567 5700
801 566 919 630 LIBER
940 568 990 630 Ill

504 752 580 821 Vna
601 752 643 820 de
664 753 779 821 multis
799 754 871 821 face
890 754 1035 843 nuptiali

504 865 617 953 Digna
638 865 808 955 periurum
829 866 896 932 fuit
915 867 951 932 in
970 873 1141 955 parentem

505 977 684 1067 Splendide
707 979 848 1046 mendax
872 984 908 1045 et
929 979 964 1045 in
987 1001 1081 1045 omne
1103 979 1200 1064 virgo

548 1089 679 1158 Nobilis
701 1113 835 1175 aevum;

499 1259 630 1351 ‘Surge’
656 1285 740 1353 quae
763 1263 850 1331 dixit
870 1265 986 1332 iuveni
1007 1264 1135 1343 marito,

499 1373 629 1462 ‘Surge
651 1397 692 1442 ue
714 1376 833 1461 longus
856 1376 919 1442 tibi
941 1400 1081 1456 somnus,
1104 1375 1191 1442 unde

504 1487 579 1556 Non
600 1487 708 1567 times,
730 1487 843 1572 detur;
865 1510 1013 1556 soeerum
1037 1494 1072 1555 et
1093 1488 1255 1556 scelestas

546 1600 641 1667 Folle
666 1601 821 1681 *sorores

505 1773 598 1854 Quae
620 1772 714 1839 velut
736 1782 854 1840 nautae
876 1773 1002 1841 vitulos
1024 1775 1160 1841 leaenae

506 1883 680 1971 lSingulos
703 1886 789 1951 eheu
810 1885 976 1953 laeerant:
1000 1908 1062 1973 ego
1084 1886 1152 1952 illis

503 1996 637 2064 Mollior
657 2019 719 2064 nee
740 2003 775 2064 te
798 1998 916 2064 feriam
941 2020 1047 2087 neque
1070 1999 1161 2064 intra

547 2107 702 2177 Claustra
723 2110 852 2177 tenebo.

504 2283 557 2349 lle
580 2289 680 2370 pater
699 2282 809 2349 saevis
832 2289 948 2349 oneret
968 2284 1101 2362 catenis,

504 2394 602 2476 Quod
624 2394 696 2460 viro
719 2395 861 2462 clemens
883 2395 1003 2461 misero
1025 2395 1175 2482 peperci3

503 2506 557 2573 Me
578 2506 634 2573 vel
655 2513 822 2574 extremos
843 2505 1063 2573 Numidarum
1084 2507 1118 2572 in
1141 2529 1241 2593 agros

547 2617 661 2685 Classe
680 2619 819 2705 releget.

503 2791 532 2872 Ι,
554 2790 657 2879 pedes
680 2814 743 2882 quo
765 2796 801 2858 to
822 2791 961 2880 rapiunt
984 2798 1019 2858 et
1041 2813 1151 2873 aurae,

504 2904 591 2970 Dum
613 2904 707 2971 favet
728 2902 804 2970 Nox
828 2910 863 2969 et
884 2903 1014 2987 Venua;
1037 2904 1049 2969 i
1071 2904 1213 2971 seeundo

503 3015 628 3097 Omine,
650 3023 686 3082 et
705 3016 811 3082 nostri
833 3038 1010 3082 memorem
1033 3017 1185 3105 sepulcro

546 3126 665 3216 Scalpe
687 3124 886 3217 querellam’

852 3510 939 3584 XII.

239 3661 456 3731 Miserammst
486 3686 592 3752 neque
621 3664 725 3731 amori
753 3663 833 3730 dare
862 3662 977 3729 ludum
1007 3680 1113 3743 neque
1146 3661 1234 3729 dulei
1263 3661 1270 3749 Ι
1298 3663 1386 3730 mola
1416 3664 1494 3729 vino

243 3774 347 3843 lavere
366 3783 422 3843 aut
444 3776 625 3844 exanimari
645 3781 832 3843 metuentes
851 3773 858 3861 Ι
880 3779 1021 3862 patruae
1043 3775 1184 3842 verbam
1204 3774 1348 3862 linguae.

248 3946 316 4014 ‘libi
331 3948 452 4037 qualum
467 3948 658 4038 Cythereae
673 3970 755 4036 puer
773 3947 851 4028 ales,
873 3947 937 4013 tibi
955 3947 1044 4013 telas
1063 3946 1069 4033 Ι
1091 3968 1312 4037 operosaeque
1324 3946 1494 4015 Minervae

254 4059 377 4127 studium
396 4062 515 4143 aufert
539 4060 717 4140 †Ne0bu1e‚
737 4057 743 4145 Ι
765 4058 925 4147 Liparaei
948 4059 1038 4126 nitor
1059 4058 1173 4139 Hebri

257 4227 341 4298 Simul
358 4240 471 4301 unetos
493 4233 659 4301 Tiberinis
682 4254 812 4299 umeros
833 4232 919 4299 lavit
941 4232 975 4297 in
998 4230 1104 4312 undis,
1129 4228 1135 4317 Ι
1162 4253 1263 4321 eques
1284 4231 1356 4321 ipso
1379 4231 1495 4298 melior

258 4340 485 4434 Bellerophonte
505 4367 613 4434 neque
635 4368 746 4434 pugno
767 4342 774 4430 Ι
795 4366 902 4432 neque
925 4344 1020 4431 segni
1040 4343 1125 4432 pede
1148 4343 1267 4423 vietus,

262 4510 344 4583 Catus
362 4517 445 4585 idem
465 4539 525 4606 per
545 4522 698 4606 apertum
718 4516 888 4602 fugientes
911 4516 1042 4602 agitato
1063 4514 1069 4601 Ι
1089 4538 1192 4603 grege
1215 4538 1329 4583 cervos
1350 4516 1490 4583 iaculari
1545 4536 1563 4586 4

263 4628 376 4695 etoeler
392 4636 464 4697 arto
484 4626 703 4714 latitantem!
725 4628 883 4696 fiutioeto
906 4628 1059 4716 excipere
1084 4651 1207 4716 aprum

738 4845 939 4857 ——-=—·—·——
