3567 5700
839 865 943 943 XVI.

480 1023 645 1090 Inclusam
667 1022 806 1088 Danaen
828 1021 933 1087 turris
955 1020 1083 1087 ahenea

480 1134 716 1223 Robustaeque
737 1134 827 1200 fores
849 1139 884 1199 et
906 1132 1045 1220 vigilum
1068 1155 1185 1199 canum

523 1246 653 1313 Tristes
676 1247 833 1313 excubiae
856 1245 1046 1311 munierant
1068 1245 1151 1311 satis

565 1357 747 1425 Nocturnis
769 1359 810 1425 ab
833 1357 1005 1438 adulteria,

481 1530 517 1597 Si
538 1555 604 1598 non
624 1530 794 1598 Acrisium
815 1530 957 1617 virginis
979 1529 1113 1597 abditae

482 1642 662 1711 Custodem
683 1642 841 1730 pavidum
864 1642 1019 1730 Iuppiter
1038 1648 1073 1708 et
1094 1641 1209 1708 Venus

523 1755 684 1823 Risisset:
706 1754 777 1821 fore
800 1754 886 1820 enirn
910 1760 1020 1821 tutum
1041 1754 1108 1821 iter
1130 1761 1166 1821 et
1185 1761 1306 1842 patens

568 1867 736 1934 Conversa
758 1867 793 1933 in
816 1866 961 1954 pretium
984 1867 1053 1933 deo.

481 2041 611 2107 Aurum
632 2062 693 2128 per
714 2039 840 2106 medios
862 2039 912 2105 ire
934 2038 1100 2106 satellites

481 2153 528 2219 Et
548 2173 761 2241 perrumpere
784 2157 875 2218 amat
897 2174 986 2231 saxa,
1011 2151 1181 2239 potentius

524 2264 601 2332 Ictu
621 2264 794 2331 fulmineo:
818 2262 962 2330 concidit
985 2263 1121 2350 auguris

566 2376 689 2463 Argivi
711 2376 827 2442 domus
850 2376 890 2441 ob
913 2375 1041 2443 lucrum

480 2550 643 2616 Demersa
665 2549 786 2632 oxiti03
809 2548 935 2615 diffidit
955 2547 1086 2614 urbium

482 2661 602 2728 Portas
623 2661 676 2728 vir
696 2659 834 2729 Macedo
858 2665 894 2726 et
917 2659 1048 2725 subruit
1074 2660 1219 2726 aemulos

524 2773 637 2862 Reges
660 2773 866 2857 muueribus;
889 2795 1026 2838 munera
1048 2772 1181 2838 navium

568 2885 694 2953 Saevos
715 2887 911 2975 inlaqueant
935 2886 1042 2952 duces.

482 3059 694 3127 Crescentem
716 3059 866 3148 sequitur
888 3081 969 3125 cura
988 3057 1161 3145 pecuniam

481 3172 709 3260 Malorumque
732 3172 844 3237 fames.
887 3170 966 3236 Iure
988 3170 1163 3258 perhorrui

525 3283 611 3350 Late
635 3283 844 3371 conspicuum
866 3283 986 3349 tollere
1009 3281 1177 3363 verticem,

566 3396 750 3476 Maecenas,
771 3395 920 3485 equitnm
943 3394 1052 3461 decus.

483 3568 614 3650 Quanto
637 3568 774 3657 quisque
799 3568 863 3633 sibi
886 3567 984 3655 plura
1004 3566 1187 3653 negaverit

482 3682 536 3746 Ab
559 3679 611 3747 dis
633 3681 730 3768 plura
751 3681 855 3746 feret:
878 3679 926 3745 nil
949 3678 1152 3768 cupientium

524 3791 642 3860 Nudus
666 3800 777 3860 castra
799 3799 877 3881 peto
901 3799 937 3859 et
958 3793 1133 3878 transfuga
1151 3791 1294 3858 divitum

566 3903 687 3971 Partes
709 3906 859 3994 linquere
881 3904 999 3991 gestio,

482 4078 701 4167 Contemptae
724 4078 873 4144 dominus
896 4076 1102 4165 splendidior
1123 4077 1181 4157 rei,

483 4191 587 4273 Quam
610 4192 648 4271 si,
673 4190 833 4279 quidquid
856 4197 932 4256 arat
954 4189 1087 4277 inpiger
1108 4187 1247 4276 Apulus,

525 4304 701 4372 Occultare
724 4303 806 4369 meis
829 4302 958 4369 dicerer
979 4301 1115 4381 horreis,

568 4416 708 4501 Magnas
730 4415 820 4480 inter
841 4436 920 4501 opes
942 4413 1045 4501 inops

483 4587 590 4653 Purae
611 4588 704 4653 rivus
727 4607 833 4675 aquae
855 4586 1007 4674 silvaque
1029 4586 1181 4671 iugerum

482 4699 664 4766 Paucorum
688 4705 723 4765 et
745 4698 871 4783 segetis
893 4704 986 4764 certa
1007 4696 1090 4765 fides
1112 4719 1204 4765 meae

524 4810 721 4897 Fulgentem
743 4811 882 4898 imperio
904 4809 1027 4876 fertilis
1048 4810 1186 4878 Africae

568 4922 672 4989 Fallit
693 4930 783 4989 sorte
807 4923 946 4989 beatior.
