3567 5700
804 590 923 655 LIBER
943 592 979 653 Il.

811 878 953 955 XVHl.

475 1032 550 1101 Non
569 1034 653 1100 ebur
675 1055 780 1122 neque
803 1055 940 1100 aureum

517 1143 596 1212 Mea
618 1145 753 1211 renidet
775 1145 809 1210 in
830 1144 925 1211 domo
948 1145 1093 1227 lacunar,

476 1255 552 1323 Non
573 1256 689 1323 trabes
711 1255 909 1344 Hymettiae

517 1367 677 1435 Premunt
699 1368 867 1434 columnas
888 1368 1007 1435 ultima
1031 1371 1154 1438 recisas

475 1539 600 1621 Africa,
621 1560 728 1629 neque
750 1538 864 1607 Attali

519 1652 660 1738 Ignotus
681 1651 780 1718 heres
802 1653 929 1737 regiam
952 1654 1119 1741 occupavi,

475 1762 547 1831 Nec
571 1762 754 1830 Laconicas
777 1763 859 1829 mihi

518 1873 670 1941 Trahunt
695 1874 856 1941 honestae
884 1897 1051 1963 purpuras
1081 1875 1233 1943 clientae.

475 2046 526 2113 At
547 2046 630 2112 fidas
653 2051 688 2112 at
709 2046 824 2131 ingeni

517 2157 670 2242 Benigne
698 2162 830 2237 veneat,
859 2178 1105 2246 pauperemque
1129 2158 1222 2225 dives

475 2268 529 2334 Me
551 2269 654 2358 petit:
680 2267 763 2334 nihil
785 2290 887 2356 supra

518 2379 608 2446 Deos
630 2379 758 2446 lacesso
781 2401 841 2446 neo
861 2386 1033 2467 potentem
1055 2382 1196 2448 amicum

476 2551 638 2638 Largiora
658 2552 783 2637 flagito,

517 2662 609 2731 Satis
630 2663 751 2729 beatus
772 2662 897 2729 *unicis
919 2661 1058 2729 Sabinis.

475 2774 636 2842 Truditur
659 2773 730 2840 dies
753 2775 815 2854 die,

516 2887 699 2976 Novasque
721 2893 867 2975 pergunt
888 2886 1027 2953 interire
1048 2887 1155 2954 lunae.

475 3059 526 3127 'Pu
547 3059 692 3128 secanda
713 3080 876 3125 marmora

518 3170 626 3239 Locus
648 3172 709 3238 sub
732 3170 841 3260 ipsum
862 3171 962 3237 funus
986 3176 1022 3237 et
1042 3170 1186 3259 sepulcri

475 3283 639 3351 Inmemor
661 3282 765 3349 struis
787 3281 908 3361 domOS,

517 3395 686 3484 Manisque
708 3394 789 3459 Bais
819 3394 1044 3482 obstrepentia
1072 3415 1196 3479 urgues

477 3566 678 3634 Submovere
699 3566 809 3644 litora,

518 3677 640 3745 Parum
661 3676 809 3766 locuples
832 3677 1022 3743 continente
1043 3676 1127 3765 ripa.

477 3788 564 3871 Quid
587 3789 675 3878 quod
696 3810 800 3877 usquc
822 3788 991 3876 proximos

517 3900 668 3968 Revcllis
691 3900 765 3986 agri
786 3900 946 3965 terminos
967 3907 1003 3965 et
1023 3899 1114 3966 ultra

476 4071 618 4138 Limites
640 4071 810 4138 clientium

518 4181 605 4249 Salis
628 4184 774 4250 avarus?
819 4181 963 4249 Pellitur
983 4189 1143 4270 paternos

475 4292 515 4361 In
536 4295 612 4362 sinu
635 4295 746 4362 ferens
768 4295 848 4363 deos

517 4405 566 4474 Et
586 4430 671 4474 uxor
692 4414 727 4473 et
748 4407 801 4475 vir
823 4405 1041 4494 sordidosque
1062 4411 1170 4471 natos.

477 4572 578 4646 Nulla
600 4576 723 4646 certior
744 4585 855 4645 tamen

519 4688 664 4778 Rapacis
692 4690 762 4757 orci
788 4689 853 4755 fine
883 4685 1054 4755 destinata

477 4801 567 4870 Aula
588 4801 728 4869 divitem
749 4806 863 4868 manet

518 4912 630 4982 Erum.
677 4911 767 4996 Quid
792 4911 884 4980 ultra
914 4906 1050 4978 tendis?
1092 4906 1212 4999 Aequa
1240 4906 1342 4976 tellus
