3567 5700
793 570 941 631 onRMIN
944 571 999 630 VM

431 755 548 843 Nupta
567 755 633 822 iam
656 755 746 822 dices
769 751 846 840 ‘ego
870 756 922 823 dis
944 755 1083 821 amicum

433 867 572 934 Saeculo
594 867 701 934 festas
720 867 885 934 referente
909 865 999 934 luces

432 978 579 1046 Reddidi
600 999 732 1045 carmen
755 977 872 1046 docilis
895 977 1065 1045 modorum

476 1090 575 1158 Vatia
595 1085 739 1158 Horati'

793 1290 998 1302 —

848 1416 934 1492 VIL

431 1556 605 1642 Diffugere
629 1554 733 1636 nives,
754 1554 898 1622 redeunt
918 1555 986 1622 iam
1007 1556 1159 1642 gramina
1181 1556 1306 1644 eampis

474 1667 724 1757 Arboribusque
747 1689 875 1753 comae;

431 1781 543 1847 Mutat
563 1786 656 1847 terra
677 1779 768 1847 vices
791 1785 826 1846 et
849 1779 1075 1848 decrescentia
1093 1779 1185 1869 ripas

472 1891 626 1959 Flumina
645 1897 879 1980 praetereunt,

432 2046 554 2114 Gratia
575 2070 648 2113 eum
668 2045 835 2135 Nymphis
858 2047 1064 2136 geminisque
1085 2046 1253 2114 sororibus
1274 2046 1378 2113 audet

473 2159 604 2226 Ducere
625 2157 715 2225 nuda
736 2158 861 2226 choros.

430 2271 626 2338 inmortalia
647 2292 688 2337 ne
710 2292 832 2358 speres,
857 2277 970 2338 mouet
992 2294 1096 2338 annus
1119 2277 1155 2338 et
1176 2271 1297 2338 almum

474 2381 568 2465 Quae
589 2383 680 2471 rapit
701 2383 784 2451 hora
806 2382 902 2450 diem.

430 2538 574 2625 Frigora
597 2538 777 2606 mitescunt
798 2537 972 2627 Zephyris,
994 2561 1055 2607 ver
1075 2539 1221 2628 proterit
1240 2542 1352 2605 aestas

474 2649 669 2731 Interitura,
692 2650 790 2716 simul

429 2762 575 2830 Pomifer
596 2768 776 2830 autumnus
796 2762 912 2850 fruges
934 2762 1101 2844 effuderit,
1122 2769 1158 2830 et
1182 2787 1258 2832 mox

473 2876 599 2949 Bruma
620 2874 765 2942 recurrit
786 2875 884 2943 iners.

430 3032 560 3099 Damna
580 3036 693 3098 tamen
716 3031 841 3098 celeres
862 3037 1024 3120 reparant
1047 3032 1207 3100 caelestia
1227 3032 1341 3115 lunae;

471 3143 543 3211 Nos
563 3143 621 3211 ubi
644 3142 835 3223 decidimus,

430 3254 502 3338 Quo
525 3261 623 3345 pater
644 3254 786 3336 Aeneas,
809 3278 873 3345 quo
895 3254 1013 3322 Thrllns
1037 3256 1148 3323 dives
1170 3261 1205 3323 et
1226 3256 1348 3337 Ancus,

474 3367 590 3435 Pulvis
613 3373 649 3435 et
669 3369 786 3435 umbra
807 3392 928 3435 sumus.

430 3522 531 3605 lQuis
553 3524 617 3590 scit
639 3546 682 3589 an
705 3522 852 3591 adiciant
874 3523 1054 3590 hodiernae
1077 3524 1225 3590 crastina
1245 3546 1392 3591 summae

472 3634 637 3723 Tempora
660 3634 694 3701 di
716 3634 852 3722 superi?

430 3746 559 3816 Cuncta
580 3770 697 3814 manns
719 3746 836 3814 avidas
857 3746 991 3832 fugient
1013 3745 1155 3827 heredis,
1178 3747 1282 3815 amico

472 3858 566 3942 Quae
589 3859 722 3926 dederis
741 3858 859 3926 animo.

430 4014 512 4081 Cum
535 4015 636 4081 semel
659 4014 818 4082 occideris
842 4019 877 4081 et
899 4014 940 4080 de
962 4019 997 4080 te
1019 4013 1195 4102 splendida
1215 4014 1324 4082 Minos

471 4126 605 4194 Fecerit
627 4126 776 4207 arbitria,

428 4238 513 4319 Non,
535 4237 712 4328 Torquate,
734 4259 847 4324 genus,
871 4261 937 4305 non
958 4243 994 4305 te
1012 4237 1175 4319 facundia,
1198 4261 1262 4305 non
1283 4244 1319 4305 te

471 4350 646 4417 Restituet
668 4350 793 4439 pietas:

428 4505 572 4573 Infernis
593 4527 699 4596 neque
722 4505 809 4571 enim
830 4505 978 4571 tenebris
999 4504 1111 4571 Diana
1132 4504 1286 4593 pudicum

472 4617 613 4685 Liberat
635 4618 864 4706 Hippolytum,

427 4729 499 4798 Nec
520 4729 671 4796 Lethaea
691 4729 785 4796 valet
805 4728 953 4795 Theseus
975 4727 1169 4816 abrumpere
1193 4751 1269 4796 caro

471 4841 613 4909 Vincula
634 4841 793 4909 Pirithoo.
