3567 5700
720 586 838 649 LIBER
859 588 879 647 l.

725 889 868 967 XVIII.

281 1043 426 1126 Nullam,
450 1043 549 1125 Varo,
570 1067 665 1112 saara
686 1044 756 1112 vite
780 1045 872 1135 prius
895 1045 1021 1113 severis
1044 1047 1196 1115 arborem

281 1154 379 1224 ciros
401 1155 483 1223 mite
503 1155 608 1222 solum
630 1154 764 1223 Tiburis
787 1161 822 1223 et
843 1157 973 1223 moenia
995 1156 1117 1241 Catili;

281 1266 386 1335 Siooia
408 1267 518 1334 omnia
537 1291 613 1333 nam
637 1267 720 1334 dura
742 1268 824 1350 deus
846 1269 1020 1357 proposuit
1040 1289 1145 1355 neque

280 1379 456 1447 Mordaees
476 1379 593 1447 taliter
616 1379 798 1466 diffugiunt
817 1379 1068 1448 sollicitudines.

282 1568 365 1652 Quis
386 1574 466 1658 post
489 1569 568 1635 vina
588 1590 726 1655 gravam
748 1568 901 1635 militiam
924 1574 984 1635 aut
1005 1571 1197 1658 pauperiem
1219 1574 1358 1661 crepat?
1452 1592 1468 1645 5

282 1679 365 1763 Quis
386 1702 453 1746 non
474 1687 511 1747 te
531 1679 653 1769 potius,
672 1679 804 1747 Baoohe
826 1686 931 1766 pater,
953 1687 1063 1770 teque,
1083 1682 1204 1749 deoeus
1226 1682 1362 1752 Venus?

282 1791 334 1858 Aa
355 1792 473 1882 nequis
495 1790 616 1858 modioi
637 1791 808 1858 transiliat
830 1790 943 1858 munia
965 1791 1089 1874 Liberi,

285 1902 472 1972 Centaurea
493 1908 606 1971 monet
628 1925 701 1971 oum
721 1901 877 1992 Lapithis
900 1902 975 1971 rixa
996 1926 1096 1993 super
1116 1928 1207 1973 mero

284 2092 471 2173 Debellata
493 2099 605 2160 monet
626 2091 788 2160 Sithoniis
810 2118 875 2161 non
897 2095 983 2164 levis
1005 2094 1142 2176 Euhius,

287 2204 366 2272 Cum
388 2205 441 2273 fas
463 2211 564 2294 atque
586 2205 681 2272 nefas
704 2205 823 2291 exiguo
846 2205 912 2273 fine
934 2207 1109 2275 libidinum
1438 2229 1470 2279 10

286 2317 488 2384 Discernunt
509 2315 607 2383 avidi.
650 2315 727 2383 Non
749 2338 811 2403 ego
833 2324 877 2398 ta,
900 2319 1039 2386 eandide
1060 2319 1238 2401 Bassareu,

288 2428 434 2496 Invitum
456 2428 606 2518 quatiam
624 2450 686 2496 neo
708 2428 812 2496 variis
835 2429 947 2497 obsita
967 2430 1140 2498 frondibus

290 2616 353 2684 Sub
378 2617 493 2685 divum
513 2617 651 2705 rapiam.
695 2615 805 2685 Saeva
826 2624 904 2685 tene
928 2641 1002 2685 oum
1024 2619 1228 2710 Berecyntio

290 2727 398 2797 Cornu
418 2735 589 2819 tympana,
610 2750 695 2819 quae
717 2730 932 2819 subsequitur
954 2751 1070 2799 eaeous
1092 2729 1197 2798 Amor
1221 2732 1273 2799 sui

289 2841 332 2909 Et
351 2841 475 2910 tollens
496 2864 636 2910 vaenum
656 2841 732 2931 plus
753 2841 854 2909 nimio
878 2839 996 2910 Gloria
1015 2842 1176 2911 vertioem
1440 2863 1471 2915 15

290 2953 476 3044 Aroanique
496 2952 599 3022 Fides
620 2954 770 3042 prodiga
792 2953 995 3043 perlucidior
1015 2955 1114 3023 vitro.

699 3177 904 3189 —nu

725 3346 888 3427 XVIIII.

292 3501 397 3573 linter
420 3523 525 3573 saeve
546 3500 747 3593 Cupidinum

330 3617 574 3706 Thebanaeque
596 3615 690 3682 iubet
712 3636 763 3682 me
787 3612 933 3683 Semeles
955 3636 1040 3703 puer

293 3726 335 3796 ut
355 3730 482 3797 lasciva
504 3727 658 3795 Licentia

331 3841 453 3908 Finitis
474 3839 619 3908 animum
640 3838 780 3905 reddere
804 3839 979 3905 amoribus.

294 4024 367 4095 Vrit
386 4050 439 4096 me
462 4026 628 4117 Glyoerae
650 4026 749 4108 nitor,

332 4139 545 4229 Splendentis
565 4138 667 4207 Pario
688 4160 851 4206 marmore
871 4137 996 4226 purius,

295 4249 367 4319 Vrit
388 4259 488 4338 grata
509 4250 716 4341 protervitas

331 4363 378 4431 Et
400 4364 513 4433 voltus
535 4363 672 4430 nimium
693 4362 839 4431 lubricus
862 4362 976 4451 aspioi.

293 4550 330 4619 In
348 4574 400 4620 me
420 4558 498 4621 tota
517 4573 618 4620 ruens
639 4550 753 4619 Venus

332 4664 481 4755 Cyprum
503 4663 660 4745 deseruit
682 4685 744 4730 neo
765 4662 895 4751 patitur
916 4660 1062 4751 Soythas

294 4776 361 4844 Aut
380 4776 489 4845 versis
512 4776 694 4844 animosum
717 4774 810 4864 equis

332 4889 493 4959 Parthum
518 4887 628 4955 dioere
653 4908 713 4953 neo
735 4907 820 4974 quae
843 4885 927 4951 nihil
948 4885 1081 4953 attinet

218 5011 341 5060 nouum.
