3567 5700
783 642 899 704 LIBER
924 646 970 704 ΙΙΙ.

486 825 749 906 Desiderantem‚
773 827 861 914 quod
883 828 966 893 satis
989 835 1048 907 est,
1071 850 1176 917 neque

487 937 739 1004 Tumultuosum
761 937 924 1005 sollicitat
946 961 1036 1005 mare

529 1047 600 1114 Neo
622 1070 744 1115 saevus
767 1048 908 1115 Arcturi
930 1049 1078 1116 cadentis

571 1159 721 1246 Impetus
744 1167 804 1225 aut
827 1161 966 1226 orientis¹
989 1160 1107 1241 Haedi,

487 1312 561 1380 Non
584 1315 781 1379 verberatae
804 1314 967 1399 grandine
990 1315 1108 1380 vineae

487 1424 688 1513 Fundusque
715 1425 869 1505 mendax,
903 1427 1019 1491 arbore
1051 1449 1135 1492 nuno
1164 1449 1268 1514 aquas

531 1534 704 1624 culpante,
726 1560 812 1603 nuno
833 1539 999 1603 torrentia
1021 1560 1121 1623 agros

573 1646 699 1727 Sidera,
721 1672 808 1713 nuno
829 1647 955 1713 hiemes
976 1648 1116 1737 iniquas.

489 1800 684 1888 [Contracta
705 1803 814 1889 pisces
835 1824 980 1891 aequora
1003 1803 1152 1868 sentiunt

488 1913 591 1979 Iactis
612 1913 646 1978 in
670 1913 774 1978 altum
796 1913 953 1979 molibus:
976 1914 1040 1979 huo
1061 1913 1218 2002 frequens
1343 1902 1379 1957 Ψ

532 2023 711 2090 caementa
734 2023 883 2090 demittit
904 2024 1094 2112 redemptor

575 2136 656 2201 Cum
677 2136 811 2202 famulis
835 2135 1049 2224 dominusque
1072 2142 1183 2202 terrae

490 2289 708 2356 Fastidiosus.
752 2288 818 2355 Sed
841 2289 954 2356 Timor
976 2297 1011 2355 et
1032 2289 1144 2356 Minae

490 2399 660 2468 Scanduut
681 2401 804 2480 eodem,
827 2424 889 2490 quo
914 2400 1072 2479 dominus,
1094 2423 1200 2489 neque

531 2511 675 2579 Deeedit
698 2518 815 2578 aerata
836 2512 967 2578 triremi
991 2517 1026 2577 et

574 2622 657 2689 Post
678 2624 823 2712 equitem
846 2623 943 2690 sedet
965 2629 1039 2689 atra
1064 2620 1171 2708 Cura]

491 2776 616 2859 Quodsi
638 2776 804 2843 dolentem
827 2799 887 2843 nee
912 2776 1082 2865 Phrygius
1103 2777 1189 2865 lapis

490 2887 561 2954 Neo
583 2911 801 2976 purpurarum
824 2889 934 2955 sidere
957 2890 1079 2956 clarior

533 3000 670 3066 Delenit
690 3024 771 3067 usus
793 3023 853 3067 uec
876 3000 1021 3067 Falerna

575 3110 666 3177 Vitis
686 3111 1010 3201 Achaemeniumque
1034 3118 1176 3179 costum:

493 3265 560 3332 Cur
581 3265 769 3332 invidendis
791 3267 943 3354 postibus
966 3272 1001 3332 et
1023 3290 1108 3332 novo

492 3376 638 3444 Sublime
658 3378 728 3444 ritu
749 3378 867 3444 moliar
889 3378 1036 3444 atrium?

535 3489 603 3556 Cur
624 3489 711 3555 valle
733 3495 918 3577 permutem
941 3487 1066 3554 Sabina

577 3601 725 3668 Divitias
748 3600 979 3688 operosiores?

855 3978 904 4051 ΙΙ.

494 4130 680 4216 Angustam
705 4129 809 4194 amice
831 4129 1023 4215 pauperiem
1045 4128 1118 4216 pati

493 4240 662 4307 Robustus
684 4239 753 4306 aori
775 4239 896 4305 militia
917 4261 1001 4326 puer

536 4350 716 4418 Condiscat
738 4358 775 4416 et
796 4348 940 4415 Parthos
962 4350 1089 4415 feroces

577 4462 689 4529 Vexat
712 4484 812 4551 eques
831 4460 1028 4527 metuendus
1049 4462 1147 4527 hasta

495 4616 672 4706 Vitamque
694 4618 754 4683 sub
777 4615 854 4682 divo
877 4622 913 4681 et
932 4614 1074 4702 trepidis
1096 4620 1177 4701 agat

495 4728 534 4794 ln
555 4730 664 4795 rebus.
708 4729 805 4794 Illum
829 4748 870 4793 ex
891 4728 1061 4792 moenibus
1084 4726 1223 4791 hosticis

536 4839 693 4907 Matrona
712 4840 869 4906 bellantis
891 4840 1030 4927 tyranni

580 4951 792 5039 Prospiciens
814 4957 849 5017 et
872 4950 990 5017 adulta
1015 4951 1111 5036 virgo
1335 5048 1350 5080 a

1313 5053 1332 5105 4
