<?xml version="1.0" encoding="UTF-8"?>
<!DOCTYPE html PUBLIC "-//W3C//DTD XHTML 1.0 Transitional//EN"
    "http://www.w3.org/TR/xhtml1/DTD/xhtml1-transitional.dtd">
<html xmlns="http://www.w3.org/1999/xhtml" xml:lang="en" lang="en">
 <head>
  <title>
</title>
<meta http-equiv="Content-Type" content="text/html;charset=utf-8" />
  <meta name='ocr-system' content='tesseract 3.04.00' />
  <meta name='ocr-capabilities' content='ocr_page ocr_carea ocr_par ocr_line ocrx_word'/>
</head>
<body>
  <div class='ocr_page' id='page_1' title='image "./odenundepoden00mlgoog/odenundepoden00mlgoog_0067.png"; bbox 0 0 3567 5700; ppageno 0'>
   <div class='ocr_carea' id='block_1_1' title="bbox 851 849 942 924">
    <p class='ocr_par' dir='ltr' id='par_1_1' title="bbox 851 849 942 924">
     <span class='ocr_line' id='line_1_1' title="bbox 851 849 942 924; baseline -0.022 0"><span class='ocrx_word' id='word_1_1' title='bbox 851 849 942 924; x_wconf 87' lang='lat'>1111.</span> 
     </span>
    </p>
   </div>
   <div class='ocr_carea' id='block_1_2' title="bbox 517 1000 1185 1424">
    <p class='ocr_par' dir='ltr' id='par_1_2' title="bbox 517 1000 1185 1424">
     <span class='ocr_line' id='line_1_2' title="bbox 518 1000 1137 1088; baseline 0.006 -21"><span class='ocrx_word' id='word_1_2' title='bbox 518 1000 693 1068; x_wconf 73' lang='lat' dir='ltr'>Descende</span> <span class='ocrx_word' id='word_1_3' title='bbox 716 1001 808 1069; x_wconf 88' lang='lat' dir='ltr'>eaelo</span> <span class='ocrx_word' id='word_1_4' title='bbox 831 1007 867 1068; x_wconf 92' lang='lat' dir='ltr'>et</span> <span class='ocrx_word' id='word_1_5' title='bbox 890 1001 944 1068; x_wconf 88' lang='lat' dir='ltr'>dio</span> <span class='ocrx_word' id='word_1_6' title='bbox 966 1025 1029 1088; x_wconf 82' lang='lat' dir='ltr'>age</span> <span class='ocrx_word' id='word_1_7' title='bbox 1051 1004 1137 1071; x_wconf 86' lang='lat' dir='ltr'>tibia</span> 
     </span>
     <span class='ocr_line' id='line_1_3' title="bbox 517 1111 1111 1201; baseline 0.005 -22"><span class='ocrx_word' id='word_1_8' title='bbox 517 1111 651 1198; x_wconf 80' lang='lat' dir='ltr'>Regina</span> <span class='ocrx_word' id='word_1_9' title='bbox 671 1112 807 1199; x_wconf 81' lang='lat' dir='ltr'>longum</span> <span class='ocrx_word' id='word_1_10' title='bbox 829 1112 978 1201; x_wconf 84' lang='lat' dir='ltr'>Calliope</span> <span class='ocrx_word' id='word_1_11' title='bbox 1000 1114 1111 1198; x_wconf 78' lang='lat' dir='ltr'>melos,</span> 
     </span>
     <span class='ocr_line' id='line_1_4' title="bbox 560 1222 1093 1293; baseline 0.002 -2"><span class='ocrx_word' id='word_1_12' title='bbox 560 1222 627 1291; x_wconf 89' lang='lat' dir='ltr'>Seu</span> <span class='ocrx_word' id='word_1_13' title='bbox 649 1245 730 1290; x_wconf 83' lang='lat' dir='ltr'>vooe</span> <span class='ocrx_word' id='word_1_14' title='bbox 752 1247 839 1291; x_wconf 92' lang='lat' dir='ltr'>nuno</span> <span class='ocrx_word' id='word_1_15' title='bbox 861 1225 969 1292; x_wconf 88' lang='lat' dir='ltr'>mavis</span> <span class='ocrx_word' id='word_1_16' title='bbox 992 1233 1093 1293; x_wconf 83' lang='lat' dir='ltr'>acuta</span> 
     </span>
     <span class='ocr_line' id='line_1_5' title="bbox 603 1333 1185 1424; baseline 0.003 -22"><span class='ocrx_word' id='word_1_17' title='bbox 603 1333 670 1402; x_wconf 86' lang='lat' dir='ltr'>Seu</span> <span class='ocrx_word' id='word_1_18' title='bbox 690 1333 811 1403; x_wconf 87' lang='lat' dir='ltr'>fidibus</span> <span class='ocrx_word' id='word_1_19' title='bbox 834 1335 1029 1424; x_wconf 79' lang='lat' dir='ltr'><strong>citharaque</strong></span> <span class='ocrx_word' id='word_1_20' title='bbox 1050 1337 1185 1406; x_wconf 87' lang='lat' dir='ltr'>Phoebi.</span> 
     </span>
    </p>
   </div>
   <div class='ocr_carea' id='block_1_3' title="bbox 515 1504 1230 1928">
    <p class='ocr_par' dir='ltr' id='par_1_3' title="bbox 515 1504 1230 1928">
     <span class='ocr_line' id='line_1_6' title="bbox 516 1504 1086 1585; baseline 0.005 -14"><span class='ocrx_word' id='word_1_21' title='bbox 516 1504 662 1585; x_wconf 85' lang='lat' dir='ltr'>Auditis,</span> <span class='ocrx_word' id='word_1_22' title='bbox 685 1528 729 1572; x_wconf 94' lang='lat' dir='ltr'>an</span> <span class='ocrx_word' id='word_1_23' title='bbox 751 1505 913 1572; x_wconf 91' lang='lat' dir='ltr'>meludit</span> <span class='ocrx_word' id='word_1_24' title='bbox 935 1506 1086 1574; x_wconf 89' lang='lat' dir='ltr'>amabilis</span> 
     </span>
     <span class='ocr_line' id='line_1_7' title="bbox 515 1615 1134 1708; baseline 0.006 -24"><span class='ocrx_word' id='word_1_25' title='bbox 515 1615 676 1684; x_wconf 76' lang='lat' dir='ltr'><strong>Insania?</strong></span> <span class='ocrx_word' id='word_1_26' title='bbox 719 1615 848 1684; x_wconf 88' lang='lat' dir='ltr'>Audire</span> <span class='ocrx_word' id='word_1_27' title='bbox 869 1622 905 1683; x_wconf 91' lang='lat' dir='ltr'>et</span> <span class='ocrx_word' id='word_1_28' title='bbox 926 1617 1042 1686; x_wconf 88' lang='lat' dir='ltr'>videor</span> <span class='ocrx_word' id='word_1_29' title='bbox 1060 1619 1134 1708; x_wconf 91' lang='lat' dir='ltr'>pios</span> 
     </span>
     <span class='ocr_line' id='line_1_8' title="bbox 557 1727 1066 1817; baseline 0.004 -23"><span class='ocrx_word' id='word_1_30' title='bbox 557 1727 681 1794; x_wconf 85' lang='lat' dir='ltr'>Errare</span> <span class='ocrx_word' id='word_1_31' title='bbox 702 1750 763 1817; x_wconf 89' lang='lat' dir='ltr'>per</span> <span class='ocrx_word' id='word_1_32' title='bbox 786 1727 886 1809; x_wconf 84' lang='lat' dir='ltr'>lucos,</span> <span class='ocrx_word' id='word_1_33' title='bbox 908 1751 1066 1796; x_wconf 79' lang='lat' dir='ltr'>amoenae</span> 
     </span>
     <span class='ocr_line' id='line_1_9' title="bbox 600 1837 1230 1928; baseline 0.003 -22"><span class='ocrx_word' id='word_1_34' title='bbox 600 1837 692 1920; x_wconf 80' lang='lat' dir='ltr'>Quos</span> <span class='ocrx_word' id='word_1_35' title='bbox 714 1845 749 1906; x_wconf 91' lang='lat' dir='ltr'>et</span> <span class='ocrx_word' id='word_1_36' title='bbox 769 1861 876 1928; x_wconf 89' lang='lat' dir='ltr'>aquae</span> <span class='ocrx_word' id='word_1_37' title='bbox 898 1840 1041 1907; x_wconf 89' lang='lat' dir='ltr'>subeunt</span> <span class='ocrx_word' id='word_1_38' title='bbox 1063 1847 1099 1907; x_wconf 91' lang='lat' dir='ltr'>et</span> <span class='ocrx_word' id='word_1_39' title='bbox 1118 1864 1230 1910; x_wconf 85' lang='lat' dir='ltr'>aurae.</span> 
     </span>
    </p>
   </div>
   <div class='ocr_carea' id='block_1_4' title="bbox 514 2007 1194 2432">
    <p class='ocr_par' dir='ltr' id='par_1_4' title="bbox 514 2007 1194 2432">
     <span class='ocr_line' id='line_1_10' title="bbox 514 2007 1116 2099; baseline 0.007 -25"><span class='ocrx_word' id='word_1_40' title='bbox 514 2007 569 2076; x_wconf 85' lang='lat' dir='ltr'>Me</span> <span class='ocrx_word' id='word_1_41' title='bbox 591 2009 761 2077; x_wconf 80' lang='lat' dir='ltr'><strong>fabulosae</strong></span> <span class='ocrx_word' id='word_1_42' title='bbox 784 2009 925 2076; x_wconf 88' lang='lat' dir='ltr'>Volture</span> <span class='ocrx_word' id='word_1_43' title='bbox 949 2011 982 2077; x_wconf 93' lang='lat' dir='ltr'>in</span> <span class='ocrx_word' id='word_1_44' title='bbox 1004 2010 1116 2099; x_wconf 90' lang='lat' dir='ltr'>Apulo</span> 
     </span>
     <span class='ocr_line' id='line_1_11' title="bbox 514 2117 1081 2210; baseline 0.005 -24"><span class='ocrx_word' id='word_1_45' title='bbox 514 2117 655 2187; x_wconf 89' lang='lat' dir='ltr'>Altriois</span> <span class='ocrx_word' id='word_1_46' title='bbox 679 2127 777 2188; x_wconf 84' lang='lat' dir='ltr'>extra</span> <span class='ocrx_word' id='word_1_47' title='bbox 796 2121 896 2188; x_wconf 88' lang='lat' dir='ltr'>limen</span> <span class='ocrx_word' id='word_1_48' title='bbox 919 2120 1081 2210; x_wconf 70' lang='lat' dir='ltr'>lApuliae</span> 
     </span>
     <span class='ocr_line' id='line_1_12' title="bbox 557 2231 1055 2322; baseline 0 -24"><span class='ocrx_word' id='word_1_49' title='bbox 557 2231 653 2298; x_wconf 88' lang='lat' dir='ltr'>Ludo</span> <span class='ocrx_word' id='word_1_50' title='bbox 675 2233 919 2322; x_wconf 74' lang='lat' dir='ltr'><strong>fatigatumque</strong></span> <span class='ocrx_word' id='word_1_51' title='bbox 942 2256 1055 2300; x_wconf 86' lang='lat' dir='ltr'>somno</span> 
     </span>
     <span class='ocr_line' id='line_1_13' title="bbox 598 2343 1194 2432; baseline 0.005 -22"><span class='ocrx_word' id='word_1_52' title='bbox 598 2343 731 2410; x_wconf 81' lang='lat' dir='ltr'>Fronde</span> <span class='ocrx_word' id='word_1_53' title='bbox 753 2366 841 2410; x_wconf 88' lang='lat' dir='ltr'>nova</span> <span class='ocrx_word' id='word_1_54' title='bbox 861 2365 1000 2432; x_wconf 88' lang='lat' dir='ltr'>puerum</span> <span class='ocrx_word' id='word_1_55' title='bbox 1022 2345 1194 2432; x_wconf 82' lang='lat' dir='ltr'>palumbes</span> 
     </span>
    </p>
   </div>
   <div class='ocr_carea' id='block_1_5' title="bbox 514 2512 1232 2934">
    <p class='ocr_par' dir='ltr' id='par_1_5' title="bbox 514 2512 1232 2934">
     <span class='ocr_line' id='line_1_14' title="bbox 514 2512 1191 2604; baseline 0.006 -25"><span class='ocrx_word' id='word_1_56' title='bbox 514 2512 650 2594; x_wconf 81' lang='lat' dir='ltr'>Texere,</span> <span class='ocrx_word' id='word_1_57' title='bbox 673 2515 789 2580; x_wconf 88' lang='lat' dir='ltr'>mirum</span> <span class='ocrx_word' id='word_1_58' title='bbox 813 2514 901 2604; x_wconf 89' lang='lat' dir='ltr'>quod</span> <span class='ocrx_word' id='word_1_59' title='bbox 923 2516 1011 2580; x_wconf 87' lang='lat' dir='ltr'>foret</span> <span class='ocrx_word' id='word_1_60' title='bbox 1034 2516 1191 2596; x_wconf 88' lang='lat' dir='ltr'>omnibus,</span> 
     </span>
     <span class='ocr_line' id='line_1_15' title="bbox 515 2623 1232 2714; baseline 0.006 -24"><span class='ocrx_word' id='word_1_61' title='bbox 515 2623 718 2714; x_wconf 79' lang='lat' dir='ltr'>Quicumque</span> <span class='ocrx_word' id='word_1_62' title='bbox 740 2627 848 2692; x_wconf 83' lang='lat' dir='ltr'>oelsae</span> <span class='ocrx_word' id='word_1_63' title='bbox 871 2624 984 2691; x_wconf 88' lang='lat' dir='ltr'>nidum</span> <span class='ocrx_word' id='word_1_64' title='bbox 1006 2625 1232 2694; x_wconf 86' lang='lat' dir='ltr'>Acherontiae</span> 
     </span>
     <span class='ocr_line' id='line_1_16' title="bbox 556 2733 1111 2825; baseline 0.004 -24"><span class='ocrx_word' id='word_1_65' title='bbox 556 2733 733 2825; x_wconf 80' lang='lat' dir='ltr'>Saltusque</span> <span class='ocrx_word' id='word_1_66' title='bbox 753 2737 917 2804; x_wconf 88' lang='lat' dir='ltr'>Bantinos</span> <span class='ocrx_word' id='word_1_67' title='bbox 940 2744 975 2803; x_wconf 92' lang='lat' dir='ltr'>et</span> <span class='ocrx_word' id='word_1_68' title='bbox 994 2760 1111 2803; x_wconf 89' lang='lat' dir='ltr'>arvum</span> 
     </span>
     <span class='ocr_line' id='line_1_17' title="bbox 598 2846 1190 2934; baseline 0.002 -21"><span class='ocrx_word' id='word_1_69' title='bbox 598 2846 727 2934; x_wconf 83' lang='lat' dir='ltr'>Pingue</span> <span class='ocrx_word' id='word_1_70' title='bbox 749 2854 866 2915; x_wconf 90' lang='lat' dir='ltr'>tenent</span> <span class='ocrx_word' id='word_1_71' title='bbox 888 2848 1022 2914; x_wconf 90' lang='lat' dir='ltr'>humilis</span> <span class='ocrx_word' id='word_1_72' title='bbox 1044 2848 1190 2927; x_wconf 86' lang='lat' dir='ltr'>Forenti,</span> 
     </span>
    </p>
   </div>
   <div class='ocr_carea' id='block_1_6' title="bbox 513 3018 1240 3420">
    <p class='ocr_par' dir='ltr' id='par_1_6' title="bbox 513 3018 1240 3420">
     <span class='ocr_line' id='line_1_18' title="bbox 513 3018 1136 3107; baseline 0 -22"><span class='ocrx_word' id='word_1_73' title='bbox 513 3018 561 3085; x_wconf 86' lang='lat' dir='ltr'>Vt</span> <span class='ocrx_word' id='word_1_74' title='bbox 582 3025 656 3086; x_wconf 91' lang='lat' dir='ltr'>tuto</span> <span class='ocrx_word' id='word_1_75' title='bbox 678 3022 719 3086; x_wconf 91' lang='lat' dir='ltr'>ab</span> <span class='ocrx_word' id='word_1_76' title='bbox 743 3019 827 3085; x_wconf 87' lang='lat' dir='ltr'>atris</span> <span class='ocrx_word' id='word_1_77' title='bbox 851 3040 988 3107; x_wconf 83' lang='lat' dir='ltr'>corpore</span> <span class='ocrx_word' id='word_1_78' title='bbox 1011 3019 1136 3107; x_wconf 82' lang='lat' dir='ltr'>viperis</span> 
     </span>
     <span class='ocr_line' id='line_1_19' title="bbox 514 3130 1240 3211; baseline 0.006 -16"><span class='ocrx_word' id='word_1_79' title='bbox 514 3130 698 3197; x_wconf 88' lang='lat' dir='ltr'>Dormirem</span> <span class='ocrx_word' id='word_1_80' title='bbox 721 3135 756 3197; x_wconf 90' lang='lat' dir='ltr'>et</span> <span class='ocrx_word' id='word_1_81' title='bbox 777 3130 873 3209; x_wconf 83' lang='lat' dir='ltr'>ursis,</span> <span class='ocrx_word' id='word_1_82' title='bbox 895 3136 935 3196; x_wconf 91' lang='lat' dir='ltr'>ut</span> <span class='ocrx_word' id='word_1_83' title='bbox 956 3150 1125 3211; x_wconf 88' lang='lat' dir='ltr'>premerer</span> <span class='ocrx_word' id='word_1_84' title='bbox 1146 3154 1240 3199; x_wconf 87' lang='lat' dir='ltr'>saera</span> 
     </span>
     <span class='ocr_line' id='line_1_20' title="bbox 555 3239 1094 3330; baseline 0 -23"><span class='ocrx_word' id='word_1_85' title='bbox 555 3239 730 3330; x_wconf 86' lang='lat' dir='ltr'>Lauroque</span> <span class='ocrx_word' id='word_1_86' title='bbox 753 3242 951 3330; x_wconf 81' lang='lat' dir='ltr'>conlataque</span> <span class='ocrx_word' id='word_1_87' title='bbox 973 3248 1094 3329; x_wconf 86' lang='lat' dir='ltr'>myrto,</span> 
     </span>
     <span class='ocr_line' id='line_1_21' title="bbox 596 3352 1171 3420; baseline -0.003 0"><span class='ocrx_word' id='word_1_88' title='bbox 596 3352 673 3420; x_wconf 92' lang='lat' dir='ltr'>Non</span> <span class='ocrx_word' id='word_1_89' title='bbox 695 3353 767 3420; x_wconf 89' lang='lat' dir='ltr'>sine</span> <span class='ocrx_word' id='word_1_90' title='bbox 791 3352 842 3419; x_wconf 87' lang='lat' dir='ltr'>dis</span> <span class='ocrx_word' id='word_1_91' title='bbox 864 3353 1031 3419; x_wconf 89' lang='lat' dir='ltr'>animosus</span> <span class='ocrx_word' id='word_1_92' title='bbox 1053 3353 1171 3420; x_wconf 86' lang='lat' dir='ltr'>infans.</span> 
     </span>
    </p>
   </div>
   <div class='ocr_carea' id='block_1_7' title="bbox 513 3522 1180 3946">
    <p class='ocr_par' dir='ltr' id='par_1_7' title="bbox 513 3522 1180 3834">
     <span class='ocr_line' id='line_1_22' title="bbox 513 3522 1180 3604; baseline 0.001 -14"><span class='ocrx_word' id='word_1_93' title='bbox 513 3523 642 3604; x_wconf 79' lang='lat' dir='ltr'>Vester,</span> <span class='ocrx_word' id='word_1_94' title='bbox 665 3522 838 3604; x_wconf 85' lang='lat' dir='ltr'>Camenae,</span> <span class='ocrx_word' id='word_1_95' title='bbox 861 3530 976 3591; x_wconf 88' lang='lat' dir='ltr'>vester</span> <span class='ocrx_word' id='word_1_96' title='bbox 997 3524 1031 3589; x_wconf 90' lang='lat' dir='ltr'>in</span> <span class='ocrx_word' id='word_1_97' title='bbox 1058 3524 1180 3591; x_wconf 87' lang='lat' dir='ltr'>arduos</span> 
     </span>
     <span class='ocr_line' id='line_1_23' title="bbox 513 3634 1160 3720; baseline 0 -19"><span class='ocrx_word' id='word_1_98' title='bbox 513 3634 624 3702; x_wconf 79' lang='lat' dir='ltr'>&#39;l&#39;ollor</span> <span class='ocrx_word' id='word_1_99' title='bbox 646 3634 795 3713; x_wconf 90' lang='lat' dir='ltr'>Sabinos,</span> <span class='ocrx_word' id='word_1_100' title='bbox 819 3657 877 3701; x_wconf 90' lang='lat' dir='ltr'>seu</span> <span class='ocrx_word' id='word_1_101' title='bbox 899 3634 980 3701; x_wconf 92' lang='lat' dir='ltr'>mihi</span> <span class='ocrx_word' id='word_1_102' title='bbox 1002 3634 1160 3720; x_wconf 79' lang='lat' dir='ltr'>frigidum</span> 
     </span>
     <span class='ocr_line' id='line_1_24' title="bbox 553 3744 1119 3834; baseline 0 -23"><span class='ocrx_word' id='word_1_103' title='bbox 553 3744 736 3813; x_wconf 78' lang='lat' dir='ltr'>Praeneste</span> <span class='ocrx_word' id='word_1_104' title='bbox 759 3768 818 3812; x_wconf 89' lang='lat' dir='ltr'>seu</span> <span class='ocrx_word' id='word_1_105' title='bbox 839 3744 944 3811; x_wconf 81' lang='lat' dir='ltr'>Tibur</span> <span class='ocrx_word' id='word_1_106' title='bbox 966 3745 1119 3834; x_wconf 90' lang='lat' dir='ltr'>supinum</span> 
     </span>
    </p>

    <p class='ocr_par' dir='ltr' id='par_1_8' title="bbox 596 3855 1149 3946">
     <span class='ocr_line' id='line_1_25' title="bbox 596 3855 1149 3946; baseline 0 -23"><span class='ocrx_word' id='word_1_107' title='bbox 596 3855 663 3923; x_wconf 90' lang='lat' dir='ltr'>Seu</span> <span class='ocrx_word' id='word_1_108' title='bbox 684 3856 831 3946; x_wconf 87' lang='lat' dir='ltr'>liquidae</span> <span class='ocrx_word' id='word_1_109' title='bbox 854 3857 1011 3945; x_wconf 87' lang='lat' dir='ltr'>plaeuere</span> <span class='ocrx_word' id='word_1_110' title='bbox 1034 3856 1149 3923; x_wconf 84' lang='lat' dir='ltr'>Baiae.</span> 
     </span>
    </p>
   </div>
   <div class='ocr_carea' id='block_1_8' title="bbox 512 4026 1200 4317">
    <p class='ocr_par' dir='ltr' id='par_1_9' title="bbox 512 4026 1200 4317">
     <span class='ocr_line' id='line_1_26' title="bbox 512 4026 1165 4094; baseline 0.002 -1"><span class='ocrx_word' id='word_1_111' title='bbox 512 4026 643 4094; x_wconf 88' lang='lat' dir='ltr'>Vestris</span> <span class='ocrx_word' id='word_1_112' title='bbox 666 4027 807 4094; x_wconf 86' lang='lat' dir='ltr'>amioum</span> <span class='ocrx_word' id='word_1_113' title='bbox 829 4027 976 4094; x_wconf 90' lang='lat' dir='ltr'>fontibus</span> <span class='ocrx_word' id='word_1_114' title='bbox 999 4035 1034 4093; x_wconf 90' lang='lat' dir='ltr'>et</span> <span class='ocrx_word' id='word_1_115' title='bbox 1056 4026 1165 4094; x_wconf 88' lang='lat' dir='ltr'>ohoris</span> 
     </span>
     <span class='ocr_line' id='line_1_27' title="bbox 512 4138 1200 4227; baseline -0.003 -22"><span class='ocrx_word' id='word_1_116' title='bbox 512 4138 585 4205; x_wconf 88' lang='lat' dir='ltr'>Non</span> <span class='ocrx_word' id='word_1_117' title='bbox 608 4161 660 4205; x_wconf 89' lang='lat' dir='ltr'>me</span> <span class='ocrx_word' id='word_1_118' title='bbox 683 4138 847 4227; x_wconf 88' lang='lat' dir='ltr'>Philippis</span> <span class='ocrx_word' id='word_1_119' title='bbox 869 4160 969 4206; x_wconf 88' lang='lat' dir='ltr'>versa</span> <span class='ocrx_word' id='word_1_120' title='bbox 991 4138 1080 4205; x_wconf 88' lang='lat' dir='ltr'>aoies</span> <span class='ocrx_word' id='word_1_121' title='bbox 1100 4145 1200 4216; x_wconf 82' lang='lat' dir='ltr'>retro,</span> 
     </span>
     <span class='ocr_line' id='line_1_28' title="bbox 553 4250 1064 4317; baseline 0 -2"><span class='ocrx_word' id='word_1_122' title='bbox 553 4250 688 4317; x_wconf 88' lang='lat' dir='ltr'>Devota</span> <span class='ocrx_word' id='word_1_123' title='bbox 709 4273 775 4317; x_wconf 92' lang='lat' dir='ltr'>uon</span> <span class='ocrx_word' id='word_1_124' title='bbox 798 4250 944 4317; x_wconf 80' lang='lat' dir='ltr'>extinxit</span> <span class='ocrx_word' id='word_1_125' title='bbox 965 4250 1064 4316; x_wconf 87' lang='lat' dir='ltr'>arbor</span> 
     </span>
    </p>
   </div>
   <div class='ocr_carea' id='block_1_9' title="bbox 595 4358 1119 4429">
    <p class='ocr_par' dir='ltr' id='par_1_10' title="bbox 595 4358 1119 4429">
     <span class='ocr_line' id='line_1_29' title="bbox 595 4358 1119 4429; baseline -0.004 -2"><span class='ocrx_word' id='word_1_126' title='bbox 595 4361 666 4429; x_wconf 86' lang='lat' dir='ltr'>Nee</span> <span class='ocrx_word' id='word_1_127' title='bbox 688 4360 800 4429; x_wconf 87' lang='lat' dir='ltr'>Sioule</span> <span class='ocrx_word' id='word_1_128' title='bbox 821 4361 1000 4429; x_wconf 85' lang='lat' dir='ltr'>Palinurus</span> <span class='ocrx_word' id='word_1_129' title='bbox 1020 4358 1119 4427; x_wconf 86' lang='lat' dir='ltr'>unda.</span> 
     </span>
    </p>
   </div>
   <div class='ocr_carea' id='block_1_10' title="bbox 512 4530 1178 4843">
    <p class='ocr_par' dir='ltr' id='par_1_11' title="bbox 512 4530 1178 4843">
     <span class='ocr_line' id='line_1_30' title="bbox 512 4530 1178 4622; baseline -0.005 -24"><span class='ocrx_word' id='word_1_130' title='bbox 512 4532 697 4622; x_wconf 81' lang='lat' dir='ltr'>Vtcumque</span> <span class='ocrx_word' id='word_1_131' title='bbox 718 4553 843 4600; x_wconf 87' lang='lat' dir='ltr'>meeum</span> <span class='ocrx_word' id='word_1_132' title='bbox 863 4555 924 4599; x_wconf 88' lang='lat' dir='ltr'>vos</span> <span class='ocrx_word' id='word_1_133' title='bbox 947 4530 1050 4610; x_wconf 88' lang='lat' dir='ltr'>eritis,</span> <span class='ocrx_word' id='word_1_134' title='bbox 1071 4530 1178 4596; x_wconf 88' lang='lat' dir='ltr'>libens</span> 
     </span>
     <span class='ocr_line' id='line_1_31' title="bbox 513 4642 1105 4729; baseline -0.003 -18"><span class='ocrx_word' id='word_1_135' title='bbox 513 4643 737 4711; x_wconf 75' lang='lat' dir='ltr'>insanientem</span> <span class='ocrx_word' id='word_1_136' title='bbox 760 4642 876 4710; x_wconf 86' lang='lat' dir='ltr'>navita</span> <span class='ocrx_word' id='word_1_137' title='bbox 897 4642 1105 4729; x_wconf 86' lang='lat' dir='ltr'>Bosphorum</span> 
     </span>
     <span class='ocr_line' id='line_1_32' title="bbox 552 4752 1114 4843; baseline -0.004 -23"><span class='ocrx_word' id='word_1_138' title='bbox 552 4754 737 4843; x_wconf 80' lang='lat' dir='ltr'>Temptebo</span> <span class='ocrx_word' id='word_1_139' title='bbox 760 4761 795 4820; x_wconf 91' lang='lat' dir='ltr'>et</span> <span class='ocrx_word' id='word_1_140' title='bbox 813 4759 950 4820; x_wconf 87' lang='lat' dir='ltr'>urentes</span> <span class='ocrx_word' id='word_1_141' title='bbox 972 4752 1114 4820; x_wconf 85' lang='lat' dir='ltr'>harenas</span> 
     </span>
    </p>
   </div>
   <div class='ocr_carea' id='block_1_11' title="bbox 595 4864 1028 4953">
    <p class='ocr_par' dir='ltr' id='par_1_12' title="bbox 595 4864 1028 4953">
     <span class='ocr_line' id='line_1_33' title="bbox 595 4864 1028 4953; baseline -0.007 -21"><span class='ocrx_word' id='word_1_142' title='bbox 595 4864 723 4933; x_wconf 85' lang='lat' dir='ltr'>Litoris</span> <span class='ocrx_word' id='word_1_143' title='bbox 745 4864 881 4953; x_wconf 87' lang='lat' dir='ltr'>Assyrii</span> <span class='ocrx_word' id='word_1_144' title='bbox 902 4864 1028 4947; x_wconf 80' lang='lat' dir='ltr'>viator3</span> 
     </span>
    </p>
   </div>
   <div class='ocr_carea' id='block_1_12' title="bbox 0 0 1788 5700">
    <p class='ocr_par' dir='ltr' id='par_1_13' title="bbox 0 0 1788 5700">
     <span class='ocr_line' id='line_1_34' title="bbox 0 0 1788 5700; baseline 0 2"><span class='ocrx_word' id='word_1_145' title='bbox 0 0 1788 5700; x_wconf 95' lang='lat' dir='ltr'> </span> 
     </span>
    </p>
   </div>
  </div>
 </body>
</html>
