3567 5700
810 573 995 635 LIBERIIL

512 755 577 837 Qui
597 756 710 824 Musas
732 764 822 824 amat
841 759 983 848 inpares,

553 868 679 936 Ternas
700 874 754 936 tor
776 871 916 958 cyathos
939 873 1104 940 attonitus
1125 878 1221 961 petet

511 980 631 1047 Vates:
653 986 723 1048 tres
745 981 901 1069 prohibet
922 1008 1023 1072 supra

552 1091 712 1160 Rixarum
731 1099 883 1162 metucns
904 1101 1043 1182 tangere
1066 1095 1183 1164 Gratia

509 1246 616 1315 Nudis
637 1248 751 1316 iuncta
772 1250 949 1317 sororibus.

550 1359 700 1428 Insanire
723 1361 835 1428 iuvat:
858 1385 917 1429 cur
938 1362 1161 1451 Berecyntiae

509 1470 651 1541 Cessent
670 1473 804 1541 flannna
823 1473 952 1541 tibiae?

551 1582 618 1652 Cur
637 1584 763 1674 pendet
784 1586 891 1653 tacita
910 1586 1023 1653 fistula
1044 1609 1117 1654 cum
1138 1587 1239 1676 lyra?

507 1740 687 1809 Parcentes
710 1763 771 1827 ego
794 1740 950 1808 dexteras

550 1851 629 1918 Odi:
652 1875 775 1942 sparge
797 1876 906 1937 rosas;
930 1853 1045 1920 audiat
1067 1853 1199 1921 invidus

506 1964 702 2031 Dementem
723 1965 901 2054 strepitum
923 1965 1036 2054 Lycus

547 2075 595 2143 Et
614 2076 726 2145 vicina
749 2078 819 2145 seni
838 2102 903 2144 non
924 2076 1046 2145 habilis
1067 2078 1170 2167 Lyco.

506 2230 621 2319 Spissa
641 2238 676 2298 te
701 2231 843 2299 nitidum
865 2255 964 2312 coma„

547 2342 635 2411 Puro
658 2351 694 2412 te
715 2344 863 2424 similem,
885 2344 1040 2433 Telephe,
1062 2367 1201 2433 vespero

505 2455 718 2545 Tempestiva
738 2456 827 2545 petit
847 2455 981 2540 Rhoda

547 2567 602 2636 Me
624 2568 735 2636 lentus
759 2567 925 2658 Glycerae
948 2574 1056 2637 torret
1079 2593 1170 2637 amor
1191 2592 1292 2637 meae.

850 2863 934 2937 XX.

503 3019 576 3087 Non
599 3018 702 3100 vides,
725 3024 847 3109 quanto
870 3041 1004 3086 moveas
1025 3019 1157 3107 periclo,

504 3131 642 3220 Pyrrhe,
666 3129 830 3198 Gaetulae
852 3131 980 3198 catulos
1002 3131 1161 3198 leaenae?

502 3244 596 3311 Dura
616 3250 694 3333 post
714 3243 824 3332 paullo
846 3243 957 3329 fugies
979 3242 1124 3310 inaudax

544 3354 675 3422 Proelia
696 3360 818 3443 raptor,

503 3510 584 3577 Cum
605 3532 665 3599 per
688 3510 859 3577 obstantes
881 3509 1037 3576 iuvenum
1061 3516 1213 3577 catervas

501 3623 570 3688 Ibit
591 3621 755 3708 insignem
777 3626 933 3710 repetens
955 3621 1159 3689 Nearchum:

502 3733 635 3801 Grande
659 3739 832 3812 certamen,
855 3732 919 3799 tibi
941 3734 1065 3821 praeda
1089 3733 1186 3800 cedet

543 3845 669 3912 “Maior
691 3868 733 3911 an
755 3844 813 3910 illi.

500 4001 646 4082 Interim,
669 4000 746 4067 dum
768 4006 806 4066 tu
829 4000 954 4067 celeres
976 4001 1120 4087 sagittas

500 4112 636 4193 Promis,
660 4112 740 4180 haec
763 4112 880 4179 dentes
903 4112 994 4180 acuit
1016 4112 1188 4191 timendos,

499 4224 639 4292 Arbiter
660 4248 790 4313 pugnae
813 4224 963 4313 posuisse
986 4224 1073 4291 nudo

542 4335 609 4405 Sub
632 4337 716 4425 pede
738 4337 879 4425 palmam

499 4493 620 4559 Fertur
642 4499 677 4559 et
698 4493 767 4558 leni
789 4514 938 4560 recreare
962 4498 1062 4559 vento

500 4605 654 4694 Sparsmn
677 4605 824 4671 odoratis
847 4628 994 4671 umorum
1018 4604 1154 4691 capillis,

501 4717 615 4799 Qualis
636 4724 696 4784 aut
716 4716 839 4784 Nireus
861 4717 927 4783 fuit
948 4726 1007 4783 aut
1029 4739 1150 4805 aquosa

539 4829 671 4919 Raptus
693 4830 733 4896 ab
753 4828 824 4895 Ida.
