3567 5700
794 593 999 662 CARMINVM

536 783 641 851 Tibur
662 784 776 870 Argeo
798 785 944 873 positum
966 785 1080 852 colono

536 894 590 962 Sit
611 918 704 962 meae
727 896 823 962 sedes
845 897 975 963 utinam
997 901 1161 976 senectae,

536 1006 589 1074 Sit
611 1009 836 1075 moduslasso
859 1009 962 1074 maris
985 1016 1021 1075 et
1043 1010 1173 1076 viarum

577 1119 796 1209 Militiacque.

534 1273 631 1342 Vnde
654 1274 683 1341 si
705 1274 831 1340 Parcae
853 1274 1032 1361 prohibent
1055 1275 1197 1364 iniquae,

535 1386 642 1452 Dulce
665 1386 793 1473 pellitis
816 1386 934 1452 ovibus
957 1385 1095 1452 Galaesi

533 1497 671 1564 Flumen
696 1504 732 1564 et
753 1505 896 1583 regnata
918 1504 1029 1585 potam
1052 1496 1177 1564 Laconi

576 1609 671 1675 Rura
694 1608 891 1675 Phalantho.

532 1763 595 1829 Ille
617 1771 785 1831 terrarum
807 1764 888 1830 mihi
911 1771 1048 1852 praetor
1071 1786 1183 1831 omnes

533 1875 687 1961 Angulus
709 1875 807 1955 ridet,
829 1876 886 1943 ubi
909 1900 975 1943 non
997 1875 1162 1965 Hymetto

533 1985 637 2053 Mella
659 1987 825 2055 decedunt
847 1988 1013 2077 viridique
1036 1993 1146 2054 certat

576 2098 668 2166 Baca
689 2099 853 2182 Venafr0;

533 2252 602 2320 Ver
624 2254 681 2320 uhi
703 2254 837 2339 longum
859 2254 1056 2342 tepidasque
1078 2255 1219 2341 praebet

533 2365 686 2453 Iuppiter
706 2366 840 2432 brumas
862 2373 898 2431 et
921 2365 1062 2431 amiotus
1083 2366 1194 2432 Aulon

533 2475 653 2542 Fertili
676 2476 807 2543 Baccho
829 2477 999 2545 minimum
1021 2476 1176 2544 Falernis

574 2586 710 2655 Invidet
732 2589 815 2656 uvis.

532 2740 595 2807 Ille
617 2748 652 2808 te
675 2765 802 2809 mecum
824 2744 915 2809 locus
939 2750 974 2810 ct
999 2744 1119 2810 heatae

532 2853 712 2921 Postulant
734 2877 842 2939 arces,
875 2856 922 2921 ibi
945 2864 984 2922 tu
1004 2856 1168 2922 calentem

532 2964 657 3031 Debita
679 2989 818 3053 sparges
840 2967 979 3034 lacrima
1001 2968 1153 3035 favillam

574 3076 675 3144 Vatis
699 3077 806 3145 amici.

849 3452 933 3531 VII.

530 3607 557 3671 O
581 3629 681 3695 saepe
703 3629 830 3674 mecum
852 3613 984 3696 tempus
1005 3605 1040 3674 in
1058 3609 1210 3677 ultimum

391 3753 395 3760 ·
530 3718 681 3785 Deducta
704 3719 811 3785 Bruto
833 3720 975 3789 militiae
999 3720 1089 3801 duce,

573 3829 655 3911 Quis
677 3837 712 3897 to
736 3830 913 3897 redonavit
935 3831 1101 3913 Quiritem

613 3942 676 4008 Dis
698 3943 818 4030 patriis
843 3942 998 4032 Italoque
1021 3944 1122 4025 eaelo,

530 4096 674 4183 Pompei,
697 4118 843 4163 meorum
864 4097 969 4185 prime
993 4098 1162 4180 sodalimn,

530 4206 612 4273 Cum
635 4232 698 4294 quo
721 4216 905 4275 morantem
928 4231 1028 4297 saepe
1051 4209 1139 4276 diem
1161 4233 1250 4277 mero

571 4319 682 4405 Fregi,
706 4328 883 4386 coronatus
906 4319 1053 4387 nitentes

613 4429 825 4496 Malobatlno
849 4429 948 4517 Syrio
970 4432 1133 4519 capillos?

528 4584 650 4651 Tecum
670 4583 843 4673 Philippos
867 4592 903 4651 et
925 4586 1065 4652 celerem
1087 4590 1201 4673 fugam

530 4694 626 4763 Sensi
648 4697 768 4764 relicta
790 4721 854 4763 non
875 4698 958 4763 hene
981 4699 1141 4786 parmula,

572 4807 654 4874 Cum
675 4809 783 4876 fracta
801 4809 911 4875 virtus
934 4816 969 4875 et
991 4811 1135 4878 minaces

613 4920 723 5007 Turpe
745 4921 850 4986 solum
872 4922 1017 5006 tetigere
1038 4929 1158 4990 mente.
