3567 5700
703 1556 1128 1667 CnnMuN

796 1784 1027 1846 SAECVLARE.

553 2004 695 2112 Phoebe
719 2045 943 2133 silvarumque
968 2049 1087 2132 poiens
1109 2044 1228 2124 Dione,
1326 2112 1339 2131 ,

553 2157 715 2223 Lucidum
737 2155 821 2221 coeli
845 2155 953 2235 decus,
975 2178 994 2222 o
1017 2155 1146 2221 colendi

552 2268 689 2355 Semper
710 2273 745 2333 et
765 2266 859 2347 culti,
888 2266 967 2333 dete
990 2288 1074 2356 quoe
1100 2289 1273 2355 precamur

595 2379 757 2466 Tempore
778 2400 883 2460 sucro,

553 2552 625 2633 Quo
647 2548 804 2638 Sibyllini
826 2572 983 2616 monuere
1006 2571 1124 2616 versus

552 2662 712 2748 Virgines
732 2661 838 2728 lectas
859 2683 1045 2751 puerosque
1066 2666 1177 2728 castos

552 2774 616 2841 Dis
637 2773 755 2864 quibus
776 2778 903 2861 septem
924 2773 1081 2862 placuere
1100 2771 1201 2839 colles

596 2886 717 2953 Dicere
741 2907 880 2953 carmen.

553 3057 651 3124 Alme
674 3055 739 3139 Sol,
761 3080 861 3123 curru
883 3056 991 3123 nitido
1014 3056 1101 3123 diem
1124 3059 1181 3146 qui

553 3168 681 3235 Promis
704 3176 740 3235 et
762 3167 851 3234 celas
872 3168 1021 3256 aliusque
1044 3174 1080 3234 et
1101 3167 1188 3234 idem

553 3279 719 3360 Nasceris,
745 3279 853 3367 possis
873 3279 958 3346 nihil
979 3280 1060 3345 urbe
1083 3278 1190 3345 Roma

597 3391 715 3459 Visere
738 3391 854 3457 maius.

553 3563 635 3630 Rite
656 3568 804 3629 maturos
827 3562 959 3649 aperire
981 3568 1098 3650 pertus

553 3674 665 3754 Lenis,
688 3673 839 3761 Ilithyie‚
861 3681 958 3741 tuere
981 3680 1114 3754 meires,

554 3784 633 3852 Sive
654 3791 694 3851 tu
714 3784 843 3852 Lucina
864 3787 987 3873 probas
1012 3786 1126 3852 vocari

597 3894 664 3963 Seu
690 3894 890 3984 Genelyllis.

553 4068 657 4148 Diva,
680 4068 844 4155 produces
865 4067 1012 4134 subolem
1035 4074 1232 4156 petrumque

554 4179 735 4266 Prosperes
756 4178 894 4246 decreta
916 4201 1017 4267 super
1038 4178 1195 4265 iugandis

554 4290 701 4358 Feminis
723 4290 891 4380 prolisque
914 4312 1020 4357 novae
1040 4290 1147 4357 feraci

596 4400 689 4487 Lege
711 4403 841 4481 merita,

555 4571 676 4639 Certus
696 4572 844 4638 undenos
867 4572 1001 4639 deciens
1021 4594 1082 4660 per
1104 4594 1207 4637 eunos

554 4682 653 4749 Orbis
673 4690 713 4748 ut
733 4689 851 4749 centus
872 4684 1064 4772 referatque
1084 4682 1180 4748 ludos

553 4794 620 4861 Ter
643 4794 697 4860 die
719 4794 809 4860 claro
832 4794 1021 4883 totiensque
1045 4800 1147 4880 grute

595 4904 704 4973 Noo‘oe
728 4905 931 4995 frequentes.
