3567 5700
737 597 855 658 LIBER
873 599 895 659 Ι.

298 778 379 848 Iaeti
401 781 564 870 corripuit
583 780 731 866 gradum

341 892 513 983 Expertus
533 916 674 960 vacuum
696 893 868 961 Daedalus
888 916 970 962 aera

297 1004 416 1073 Pinnis
440 1028 506 1072 non
528 1005 653 1072 homini
674 1005 780 1087 datis;

340 1116 500 1207 Perrupit
521 1116 715 1186 Acheronta
735 1117 921 1185 Herculeus
942 1118 1045 1185 labor.

296 1288 357 1355 Nil
378 1289 575 1357 mortalibus
597 1289 742 1374 arduist3

342 1399 478 1469 Caelum
499 1402 607 1490 ipsum
630 1403 774 1491 petimus
797 1402 953 1484 stultitia,
976 1425 1082 1493 neque

295 1512 365 1581 Per
387 1518 538 1581 nostrum
559 1513 707 1604 patimur
729 1515 837 1583 scelus

339 1625 505 1694 bacanda
525 1626 640 1695 Iovem
661 1648 785 1717 ponere
806 1626 953 1695 fulmina

765 2060 855 2135 1111.
876 2077 878 2080 ’

293 2212 448 2281 Solvitur
470 2214 556 2282 acris
578 2213 707 2304 hiemps
726 2220 827 2300 grata
847 2213 921 2281 vice
942 2214 1033 2280 veris
1055 2221 1091 2281 et
1112 2213 1250 2295 Favoni,

338 2327 557 2417 Trahuntque
579 2327 685 2395 siccas
705 2325 878 2393 machinae
902 2327 1041 2407 carinae,

292 2437 348 2507 Ac
367 2461 473 2529 neque
497 2439 565 2505 iam
586 2437 728 2506 stabulis
750 2438 877 2524 gaudet
898 2462 999 2527 pecus
1021 2446 1083 2507 aut
1104 2446 1220 2507 arator
1246 2441 1325 2527 igni,

337 2549 411 2618 Nec
431 2555 529 2640 prata
550 2550 642 2618 canis
663 2548 810 2617 albicant
833 2550 971 2640 pruinis.

291 2723 368 2791 Iam
390 2721 563 2812 Cytherea
585 2722 701 2791 choros
724 2723 818 2791 ducit
838 2722 953 2791 Venus
974 2723 1165 2791 imminente
1188 2724 1275 2804 lunc„
1462 2741 1479 2792 5

335 2835 539 2925 Iunctaeque
561 2833 728 2926 Nymphis
751 2835 891 2903 Gratiae
915 2835 1071 2903 decentes

291 2948 436 3015 Alterno
459 2953 584 3015 terram
606 2948 762 3038 quatiunt
783 2948 876 3036 pede,
899 2948 976 3016 dum
997 2970 1119 3034 graves
1142 2948 1324 3038 Cyclopum

335 3058 504 3127 Volcanus
527 3059 648 3128 ardens
667 3060 738 3127 urit
760 3060 921 3128 officinas.

290 3231 391 3300 Nunc
412 3232 509 3300 decet
533 3239 593 3299 ant
614 3232 715 3299 viridi
737 3232 880 3300 nitidum
903 3239 1003 3320 caput
1024 3232 1184 3320 impedire
1210 3239 1322 3322 myrto

335 3344 409 3412 Ant
430 3345 520 3425 flore,
541 3351 653 3412 terrae
675 3366 773 3435 quem
794 3345 909 3412 ferunt
929 3346 1074 3429 solutae;
1446 3365 1478 3416 10

291 3457 390 3525 Nunc
412 3457 502 3524 etin
523 3458 687 3526 umbrosis
708 3457 822 3525 Fauno
846 3456 944 3525 dccet
966 3457 1133 3524 immolare
1153 3456 1245 3537 lucis,

334 3568 402 3638 Seu
422 3574 541 3659 poscat
560 3592 649 3656 agna
669 3569 740 3637 sive
761 3569 858 3637 malit
880 3568 994 3637 haedo.

289 3741 424 3810 Pallida
445 3741 537 3809 Mors
560 3762 666 3832 aequo
688 3742 803 3832 pulsat
821 3742 907 3831 pede
927 3764 1111 3830 pauperum
1133 3742 1289 3808 tabernas

335 3853 529 3943 Regumqne
551 3861 672 3921 turres.
715 3854 864 3922 Oboate
887 3853 986 3933 Sesti,

288 3965 392 4034 Vitae
414 3990 541 4033 summa
561 3966 673 4034 brevis
694 3989 787 4056 spem
808 3991 868 4034 nos
882 3971 981 4033 vetat
1005 3965 1160 4033 incohare
1181 3966 1321 4051 longam.
1445 3985 1476 4035 15

333 4078 406 4147 Iam
426 4085 461 4146 te
483 4085 614 4169 premet
636 4102 702 4147 nox
723 4079 919 4168 fabulaeque
941 4077 1059 4146 Manes

287 4250 339 4318 Et
359 4250 473 4319 domus
495 4252 592 4319 exilis
613 4251 780 4318 Plutonia.
827 4250 900 4332 Quo
923 4251 1020 4318 simul
1042 4250 1172 4330 meanis,

333 4362 405 4431 Nec
426 4385 530 4450 regna
551 4363 621 4431 vini
643 4362 783 4431 sortiere
806 4361 887 4430 talis

286 4474 363 4542 Nec
383 4482 533 4543 tenerum
556 4474 708 4564 Lycidan
733 4475 906 4557 mirabere,
929 4499 992 4566 quo
1018 4474 1106 4542 calet
1128 4474 1285 4541 inventus

332 4587 430 4655 Nunc
452 4587 557 4656 omnis
580 4595 617 4653 et
638 4611 714 4655 mox
740 4587 889 4674 virgines
912 4588 1101 4676 ltepebunt.
1441 4604 1477 4655 20

700 4840 906 4851 ——----—.
