<?xml version="1.0" encoding="UTF-8"?>
<!DOCTYPE html PUBLIC "-//W3C//DTD XHTML 1.0 Transitional//EN"
    "http://www.w3.org/TR/xhtml1/DTD/xhtml1-transitional.dtd">
<html xmlns="http://www.w3.org/1999/xhtml" xml:lang="en" lang="en">
 <head>
  <title>
</title>
<meta http-equiv="Content-Type" content="text/html;charset=utf-8" />
  <meta name='ocr-system' content='tesseract 3.04.00' />
  <meta name='ocr-capabilities' content='ocr_page ocr_carea ocr_par ocr_line ocrx_word'/>
</head>
<body>
  <div class='ocr_page' id='page_1' title='image "./odenundepoden00mlgoog/odenundepoden00mlgoog_0093.png"; bbox 0 0 3567 5700; ppageno 0'>
   <div class='ocr_carea' id='block_1_1' title="bbox 799 579 987 646">
    <p class='ocr_par' dir='ltr' id='par_1_1' title="bbox 799 579 987 646">
     <span class='ocr_line' id='line_1_1' title="bbox 799 579 987 646; baseline -0.005 -2"><span class='ocrx_word' id='word_1_1' title='bbox 799 579 917 646; x_wconf 81' lang='lat' dir='ltr'><strong>LIBER</strong></span> <span class='ocrx_word' id='word_1_2' title='bbox 938 580 987 645; x_wconf 87' lang='lat' dir='ltr'>Ill.</span> 
     </span>
    </p>
   </div>
   <div class='ocr_carea' id='block_1_2' title="bbox 535 767 1198 962">
    <p class='ocr_par' dir='ltr' id='par_1_2' title="bbox 535 767 1198 962">
     <span class='ocr_line' id='line_1_2' title="bbox 535 767 1198 859; baseline -0.002 -23"><span class='ocrx_word' id='word_1_3' title='bbox 535 767 728 859; x_wconf 74' lang='lat' dir='ltr'>conponere</span> <span class='ocrx_word' id='word_1_4' title='bbox 750 789 892 858; x_wconf 88' lang='lat' dir='ltr'>aequus;</span> <span class='ocrx_word' id='word_1_5' title='bbox 922 775 1034 835; x_wconf 82' lang='lat' dir='ltr'>cetera</span> <span class='ocrx_word' id='word_1_6' title='bbox 1054 767 1198 835; x_wconf 90' lang='lat' dir='ltr'>fluminis</span> 
     </span>
     <span class='ocr_line' id='line_1_3' title="bbox 535 879 1159 962; baseline -0.002 -13"><span class='ocrx_word' id='word_1_7' title='bbox 535 880 619 949; x_wconf 86' lang='lat' dir='ltr'>Ritu</span> <span class='ocrx_word' id='word_1_8' title='bbox 640 881 801 962; x_wconf 86' lang='lat' dir='ltr'>feruntur,</span> <span class='ocrx_word' id='word_1_9' title='bbox 823 903 910 947; x_wconf 89' lang='lat' dir='ltr'>nune</span> <span class='ocrx_word' id='word_1_10' title='bbox 932 879 1040 947; x_wconf 89' lang='lat' dir='ltr'>medio</span> <span class='ocrx_word' id='word_1_11' title='bbox 1063 879 1159 948; x_wconf 85' lang='lat' dir='ltr'>alveo</span> 
     </span>
    </p>
   </div>
   <div class='ocr_carea' id='block_1_3' title="bbox 578 991 1180 1193">
    <p class='ocr_par' dir='ltr' id='par_1_3' title="bbox 578 991 1180 1193">
     <span class='ocr_line' id='line_1_4' title="bbox 578 991 1175 1081; baseline 0 -22"><span class='ocrx_word' id='word_1_12' title='bbox 578 991 660 1060; x_wconf 83' lang='lat' dir='ltr'>Cum</span> <span class='ocrx_word' id='word_1_13' title='bbox 682 1014 763 1081; x_wconf 85' lang='lat' dir='ltr'>paee</span> <span class='ocrx_word' id='word_1_14' title='bbox 786 992 974 1060; x_wconf 78' lang='lat' dir='ltr'>delabentis</span> <span class='ocrx_word' id='word_1_15' title='bbox 996 991 1175 1060; x_wconf 81' lang='lat' dir='ltr'>Etruscum</span> 
     </span>
     <span class='ocr_line' id='line_1_5' title="bbox 619 1104 1180 1193; baseline 0.004 -22"><span class='ocrx_word' id='word_1_16' title='bbox 619 1104 660 1171; x_wconf 93' lang='lat' dir='ltr'>In</span> <span class='ocrx_word' id='word_1_17' title='bbox 681 1127 781 1186; x_wconf 82' lang='lat' dir='ltr'>mare,</span> <span class='ocrx_word' id='word_1_18' title='bbox 802 1127 889 1172; x_wconf 85' lang='lat' dir='ltr'>nuno</span> <span class='ocrx_word' id='word_1_19' title='bbox 911 1104 1041 1193; x_wconf 88' lang='lat' dir='ltr'>lapides</span> <span class='ocrx_word' id='word_1_20' title='bbox 1064 1104 1180 1173; x_wconf 84' lang='lat' dir='ltr'>adesos</span> 
     </span>
    </p>
   </div>
   <div class='ocr_carea' id='block_1_4' title="bbox 533 1276 1254 1702">
    <p class='ocr_par' dir='ltr' id='par_1_4' title="bbox 533 1276 1254 1702">
     <span class='ocr_line' id='line_1_6' title="bbox 534 1276 1254 1367; baseline 0 -23"><span class='ocrx_word' id='word_1_21' title='bbox 534 1276 729 1367; x_wconf 72' lang='lat' dir='ltr'>Sti-pesque</span> <span class='ocrx_word' id='word_1_22' title='bbox 756 1283 872 1366; x_wconf 85' lang='lat' dir='ltr'>raptas</span> <span class='ocrx_word' id='word_1_23' title='bbox 901 1283 937 1344; x_wconf 88' lang='lat' dir='ltr'>et</span> <span class='ocrx_word' id='word_1_24' title='bbox 962 1298 1062 1365; x_wconf 89' lang='lat' dir='ltr'>peous</span> <span class='ocrx_word' id='word_1_25' title='bbox 1084 1283 1120 1345; x_wconf 91' lang='lat' dir='ltr'>et</span> <span class='ocrx_word' id='word_1_26' title='bbox 1141 1276 1254 1344; x_wconf 88' lang='lat' dir='ltr'>domos</span> 
     </span>
     <span class='ocr_line' id='line_1_7' title="bbox 533 1388 1161 1457; baseline -0.002 0"><span class='ocrx_word' id='word_1_27' title='bbox 533 1388 710 1457; x_wconf 87' lang='lat' dir='ltr'>Volventis</span> <span class='ocrx_word' id='word_1_28' title='bbox 732 1412 798 1456; x_wconf 88' lang='lat' dir='ltr'>una</span> <span class='ocrx_word' id='word_1_29' title='bbox 819 1411 885 1456; x_wconf 92' lang='lat' dir='ltr'>non</span> <span class='ocrx_word' id='word_1_30' title='bbox 907 1388 979 1457; x_wconf 91' lang='lat' dir='ltr'>sine</span> <span class='ocrx_word' id='word_1_31' title='bbox 1001 1388 1161 1456; x_wconf 88' lang='lat' dir='ltr'>montium</span> 
     </span>
     <span class='ocr_line' id='line_1_8' title="bbox 577 1499 1080 1591; baseline -0.002 -22"><span class='ocrx_word' id='word_1_32' title='bbox 577 1499 729 1569; x_wconf 82' lang='lat' dir='ltr'>Clamore</span> <span class='ocrx_word' id='word_1_33' title='bbox 750 1500 944 1591; x_wconf 86' lang='lat' dir='ltr'>vicinaeque</span> <span class='ocrx_word' id='word_1_34' title='bbox 966 1500 1080 1582; x_wconf 87' lang='lat' dir='ltr'>silvae,</span> 
     </span>
     <span class='ocr_line' id='line_1_9' title="bbox 619 1612 1113 1702; baseline -0.004 -21"><span class='ocrx_word' id='word_1_35' title='bbox 619 1612 702 1681; x_wconf 82' lang='lat' dir='ltr'>Cum</span> <span class='ocrx_word' id='word_1_36' title='bbox 723 1612 796 1681; x_wconf 85' lang='lat' dir='ltr'>fera</span> <span class='ocrx_word' id='word_1_37' title='bbox 818 1613 961 1680; x_wconf 87' lang='lat' dir='ltr'>diluvies</span> <span class='ocrx_word' id='word_1_38' title='bbox 982 1612 1113 1702; x_wconf 88' lang='lat' dir='ltr'>quietos</span> 
     </span>
    </p>
   </div>
   <div class='ocr_carea' id='block_1_5' title="bbox 533 1785 1198 2212">
    <p class='ocr_par' dir='ltr' id='par_1_5' title="bbox 533 1785 1198 2212">
     <span class='ocr_line' id='line_1_10' title="bbox 533 1785 1120 1874; baseline -0.002 -21"><span class='ocrx_word' id='word_1_39' title='bbox 533 1785 654 1854; x_wconf 86' lang='lat' dir='ltr'>Irritat</span> <span class='ocrx_word' id='word_1_40' title='bbox 676 1807 796 1853; x_wconf 83' lang='lat' dir='ltr'>amnes</span> <span class='ocrx_word' id='word_1_41' title='bbox 840 1785 903 1853; x_wconf 80' lang='lat' dir='ltr'>[lle</span> <span class='ocrx_word' id='word_1_42' title='bbox 926 1791 1045 1874; x_wconf 89' lang='lat' dir='ltr'>potens</span> <span class='ocrx_word' id='word_1_43' title='bbox 1067 1785 1120 1852; x_wconf 89' lang='lat' dir='ltr'>sui</span> 
     </span>
     <span class='ocr_line' id='line_1_11' title="bbox 534 1896 1198 1988; baseline -0.002 -22"><span class='ocrx_word' id='word_1_44' title='bbox 534 1898 724 1988; x_wconf 86' lang='lat' dir='ltr'>Luetusque</span> <span class='ocrx_word' id='word_1_45' title='bbox 745 1897 853 1984; x_wconf 80' lang='lat' dir='ltr'>deget</span> <span class='ocrx_word' id='word_1_46' title='bbox 876 1897 930 1964; x_wconf 86' lang='lat' dir='ltr'>eui</span> <span class='ocrx_word' id='word_1_47' title='bbox 950 1896 1032 1965; x_wconf 87' lang='lat' dir='ltr'>lieet</span> <span class='ocrx_word' id='word_1_48' title='bbox 1053 1896 1088 1963; x_wconf 91' lang='lat' dir='ltr'>in</span> <span class='ocrx_word' id='word_1_49' title='bbox 1111 1896 1198 1965; x_wconf 89' lang='lat' dir='ltr'>diem</span> 
     </span>
     <span class='ocr_line' id='line_1_12' title="bbox 576 2006 1111 2078; baseline 0.002 -2"><span class='ocrx_word' id='word_1_50' title='bbox 576 2009 711 2078; x_wconf 85' lang='lat' dir='ltr'>Dixisse</span> <span class='ocrx_word' id='word_1_51' title='bbox 734 2006 835 2076; x_wconf 79' lang='lat' dir='ltr'>‘vixiz</span> <span class='ocrx_word' id='word_1_52' title='bbox 858 2031 933 2077; x_wconf 88' lang='lat' dir='ltr'>oras</span> <span class='ocrx_word' id='word_1_53' title='bbox 955 2009 1011 2077; x_wconf 89' lang='lat' dir='ltr'>vel</span> <span class='ocrx_word' id='word_1_54' title='bbox 1035 2015 1111 2077; x_wconf 87' lang='lat' dir='ltr'>atra</span> 
     </span>
     <span class='ocr_line' id='line_1_13' title="bbox 618 2120 1166 2212; baseline 0.002 -23"><span class='ocrx_word' id='word_1_55' title='bbox 618 2120 715 2190; x_wconf 88' lang='lat' dir='ltr'>Nube</span> <span class='ocrx_word' id='word_1_56' title='bbox 737 2121 856 2211; x_wconf 82' lang='lat' dir='ltr'>polum,</span> <span class='ocrx_word' id='word_1_57' title='bbox 877 2129 984 2210; x_wconf 87' lang='lat' dir='ltr'>pater,</span> <span class='ocrx_word' id='word_1_58' title='bbox 1007 2127 1166 2212; x_wconf 86' lang='lat' dir='ltr'>oeeupato</span> 
     </span>
    </p>
   </div>
   <div class='ocr_carea' id='block_1_6' title="bbox 533 2293 1209 2608">
    <p class='ocr_par' dir='ltr' id='par_1_6' title="bbox 533 2293 1209 2608">
     <span class='ocr_line' id='line_1_14' title="bbox 533 2293 1194 2382; baseline -0.003 -18"><span class='ocrx_word' id='word_1_59' title='bbox 533 2293 597 2364; x_wconf 88' lang='lat' dir='ltr'>Vel</span> <span class='ocrx_word' id='word_1_60' title='bbox 618 2294 688 2362; x_wconf 86' lang='lat' dir='ltr'>sole</span> <span class='ocrx_word' id='word_1_61' title='bbox 710 2317 809 2382; x_wconf 90' lang='lat' dir='ltr'>pnro;</span> <span class='ocrx_word' id='word_1_62' title='bbox 831 2318 897 2362; x_wconf 89' lang='lat' dir='ltr'>non</span> <span class='ocrx_word' id='word_1_63' title='bbox 919 2301 1030 2362; x_wconf 85' lang='lat' dir='ltr'>tamen</span> <span class='ocrx_word' id='word_1_64' title='bbox 1052 2294 1194 2376; x_wconf 83' lang='lat' dir='ltr'>irritum,</span> 
     </span>
     <span class='ocr_line' id='line_1_15' title="bbox 534 2405 1209 2497; baseline 0 -23"><span class='ocrx_word' id='word_1_65' title='bbox 534 2405 767 2496; x_wconf 78' lang='lat' dir='ltr'>Quodcumque</span> <span class='ocrx_word' id='word_1_66' title='bbox 787 2412 923 2488; x_wconf 73' lang='lat' dir='ltr'>retrost</span> <span class='ocrx_word' id='word_1_67' title='bbox 946 2407 1080 2488; x_wconf 79' lang='lat' dir='ltr'>efficies,</span> <span class='ocrx_word' id='word_1_68' title='bbox 1102 2428 1209 2497; x_wconf 90' lang='lat' dir='ltr'>neque</span> 
     </span>
     <span class='ocr_line' id='line_1_16' title="bbox 574 2518 1133 2608; baseline 0.002 -23"><span class='ocrx_word' id='word_1_69' title='bbox 574 2518 740 2606; x_wconf 80' lang='lat' dir='ltr'>Diffinget</span> <span class='ocrx_word' id='word_1_70' title='bbox 761 2518 984 2608; x_wconf 77' lang='lat' dir='ltr'>infeotmque</span> <span class='ocrx_word' id='word_1_71' title='bbox 1006 2519 1133 2601; x_wconf 79' lang='lat' dir='ltr'>reddet,</span> 
     </span>
    </p>
   </div>
   <div class='ocr_carea' id='block_1_7' title="bbox 619 2629 1222 2718">
    <p class='ocr_par' dir='ltr' id='par_1_7' title="bbox 619 2629 1222 2718">
     <span class='ocr_line' id='line_1_17' title="bbox 619 2629 1222 2718; baseline 0 -20"><span class='ocrx_word' id='word_1_72' title='bbox 619 2629 715 2713; x_wconf 79' lang='lat' dir='ltr'>Quod</span> <span class='ocrx_word' id='word_1_73' title='bbox 735 2632 868 2718; x_wconf 80' lang='lat' dir='ltr'>fugiens</span> <span class='ocrx_word' id='word_1_74' title='bbox 891 2631 993 2699; x_wconf 85' lang='lat' dir='ltr'>semel</span> <span class='ocrx_word' id='word_1_75' title='bbox 1014 2631 1098 2699; x_wconf 88' lang='lat' dir='ltr'>hora</span> <span class='ocrx_word' id='word_1_76' title='bbox 1120 2630 1222 2698; x_wconf 83' lang='lat' dir='ltr'>vexit</span> 
     </span>
    </p>
   </div>
   <div class='ocr_carea' id='block_1_8' title="bbox 532 2803 1195 3007">
    <p class='ocr_par' dir='ltr' id='par_1_8' title="bbox 532 2803 1195 3007">
     <span class='ocr_line' id='line_1_18' title="bbox 532 2803 1133 2891; baseline 0.003 -21"><span class='ocrx_word' id='word_1_77' title='bbox 532 2803 682 2872; x_wconf 80' lang='lat' dir='ltr'>Fortuna</span> <span class='ocrx_word' id='word_1_78' title='bbox 704 2825 805 2873; x_wconf 85' lang='lat' dir='ltr'>saevo</span> <span class='ocrx_word' id='word_1_79' title='bbox 826 2804 918 2873; x_wconf 86' lang='lat' dir='ltr'>laete</span> <span class='ocrx_word' id='word_1_80' title='bbox 939 2804 1074 2891; x_wconf 80' lang='lat' dir='ltr'>negotio</span> <span class='ocrx_word' id='word_1_81' title='bbox 1097 2810 1133 2872; x_wconf 90' lang='lat' dir='ltr'>et</span> 
     </span>
     <span class='ocr_line' id='line_1_19' title="bbox 532 2914 1195 3007; baseline 0.002 -25"><span class='ocrx_word' id='word_1_82' title='bbox 532 2914 663 2983; x_wconf 90' lang='lat' dir='ltr'>Ludum</span> <span class='ocrx_word' id='word_1_83' title='bbox 684 2916 881 2985; x_wconf 89' lang='lat' dir='ltr'>insolentem</span> <span class='ocrx_word' id='word_1_84' title='bbox 902 2916 1018 2985; x_wconf 90' lang='lat' dir='ltr'>ludere</span> <span class='ocrx_word' id='word_1_85' title='bbox 1038 2916 1195 3007; x_wconf 86' lang='lat' dir='ltr'>pertinax</span> 
     </span>
    </p>
   </div>
   <div class='ocr_carea' id='block_1_9' title="bbox 574 3027 1186 3227">
    <p class='ocr_par' dir='ltr' id='par_1_9' title="bbox 574 3027 1186 3227">
     <span class='ocr_line' id='line_1_20' title="bbox 574 3027 1134 3111; baseline 0.005 -17"><span class='ocrx_word' id='word_1_86' title='bbox 574 3027 792 3097; x_wconf 70' lang='lat' dir='ltr'>&#39;transmutat</span> <span class='ocrx_word' id='word_1_87' title='bbox 816 3029 962 3096; x_wconf 83' lang='lat' dir='ltr'>incertos</span> <span class='ocrx_word' id='word_1_88' title='bbox 983 3028 1134 3111; x_wconf 85' lang='lat' dir='ltr'>honores,</span> 
     </span>
     <span class='ocr_line' id='line_1_21' title="bbox 616 3139 1186 3227; baseline 0 -19"><span class='ocrx_word' id='word_1_89' title='bbox 616 3139 714 3208; x_wconf 86' lang='lat' dir='ltr'>Nune</span> <span class='ocrx_word' id='word_1_90' title='bbox 735 3140 824 3222; x_wconf 86' lang='lat' dir='ltr'>mihi,</span> <span class='ocrx_word' id='word_1_91' title='bbox 845 3164 933 3208; x_wconf 90' lang='lat' dir='ltr'>nune</span> <span class='ocrx_word' id='word_1_92' title='bbox 954 3140 1012 3208; x_wconf 89' lang='lat' dir='ltr'>alii</span> <span class='ocrx_word' id='word_1_93' title='bbox 1033 3141 1186 3227; x_wconf 84' lang='lat' dir='ltr'>benigna</span> 
     </span>
    </p>
   </div>
   <div class='ocr_carea' id='block_1_10' title="bbox 531 3313 1206 3741">
    <p class='ocr_par' dir='ltr' id='par_1_10' title="bbox 531 3313 1206 3629">
     <span class='ocr_line' id='line_1_22' title="bbox 532 3313 1206 3403; baseline 0 -22"><span class='ocrx_word' id='word_1_94' title='bbox 532 3313 647 3381; x_wconf 85' lang='lat' dir='ltr'>Laudo</span> <span class='ocrx_word' id='word_1_95' title='bbox 669 3321 871 3399; x_wconf 64' lang='lat' dir='ltr'>manentem</span> <span class='ocrx_word' id='word_1_96' title='bbox 894 3314 923 3382; x_wconf 86' lang='lat' dir='ltr'>si</span> <span class='ocrx_word' id='word_1_97' title='bbox 946 3313 1070 3383; x_wconf 85' lang='lat' dir='ltr'>celeres</span> <span class='ocrx_word' id='word_1_98' title='bbox 1095 3314 1206 3403; x_wconf 90' lang='lat' dir='ltr'>quatit</span> 
     </span>
     <span class='ocr_line' id='line_1_23' title="bbox 531 3425 1195 3516; baseline -0.002 -22"><span class='ocrx_word' id='word_1_99' title='bbox 531 3425 663 3507; x_wconf 75' lang='lat' dir='ltr'>Pinnas</span> <span class='ocrx_word' id='word_1_100' title='bbox 685 3426 818 3513; x_wconf 81' lang='lat' dir='ltr'>resigno</span> <span class='ocrx_word' id='word_1_101' title='bbox 841 3449 926 3516; x_wconf 88' lang='lat' dir='ltr'>quae</span> <span class='ocrx_word' id='word_1_102' title='bbox 948 3426 1042 3494; x_wconf 90' lang='lat' dir='ltr'>dedit</span> <span class='ocrx_word' id='word_1_103' title='bbox 1065 3431 1101 3493; x_wconf 92' lang='lat' dir='ltr'>et</span> <span class='ocrx_word' id='word_1_104' title='bbox 1122 3448 1195 3493; x_wconf 87' lang='lat' dir='ltr'>mea</span> 
     </span>
     <span class='ocr_line' id='line_1_24' title="bbox 574 3536 1168 3629; baseline 0.002 -24"><span class='ocrx_word' id='word_1_105' title='bbox 574 3536 711 3605; x_wconf 86' lang='lat' dir='ltr'>Virtute</span> <span class='ocrx_word' id='word_1_106' title='bbox 733 3560 785 3606; x_wconf 91' lang='lat' dir='ltr'>me</span> <span class='ocrx_word' id='word_1_107' title='bbox 807 3538 942 3606; x_wconf 88' lang='lat' dir='ltr'>involvo</span> <span class='ocrx_word' id='word_1_108' title='bbox 964 3539 1168 3629; x_wconf 88' lang='lat' dir='ltr'>probamque</span> 
     </span>
    </p>

    <p class='ocr_par' dir='ltr' id='par_1_11' title="bbox 616 3648 1161 3741">
     <span class='ocr_line' id='line_1_25' title="bbox 616 3648 1161 3741; baseline 0.004 -24"><span class='ocrx_word' id='word_1_109' title='bbox 616 3648 814 3740; x_wconf 88' lang='lat' dir='ltr'>Pauperiem</span> <span class='ocrx_word' id='word_1_110' title='bbox 836 3650 907 3719; x_wconf 92' lang='lat' dir='ltr'>sine</span> <span class='ocrx_word' id='word_1_111' title='bbox 930 3651 1007 3719; x_wconf 91' lang='lat' dir='ltr'>dote</span> <span class='ocrx_word' id='word_1_112' title='bbox 1031 3673 1161 3741; x_wconf 87' lang='lat' dir='ltr'>quaero.</span> 
     </span>
    </p>
   </div>
   <div class='ocr_carea' id='block_1_11' title="bbox 531 3821 1196 4249">
    <p class='ocr_par' dir='ltr' id='par_1_12' title="bbox 531 3821 1196 4249">
     <span class='ocr_line' id='line_1_26' title="bbox 531 3821 1170 3910; baseline 0.002 -20"><span class='ocrx_word' id='word_1_113' title='bbox 531 3821 607 3891; x_wconf 87' lang='lat' dir='ltr'>Non</span> <span class='ocrx_word' id='word_1_114' title='bbox 630 3831 683 3892; x_wconf 91' lang='lat' dir='ltr'>est</span> <span class='ocrx_word' id='word_1_115' title='bbox 705 3845 820 3904; x_wconf 74' lang='lat' dir='ltr'>meum,</span> <span class='ocrx_word' id='word_1_116' title='bbox 843 3824 874 3891; x_wconf 88' lang='lat' dir='ltr'>si</span> <span class='ocrx_word' id='word_1_117' title='bbox 895 3824 1023 3910; x_wconf 84' lang='lat' dir='ltr'>mugiat</span> <span class='ocrx_word' id='word_1_118' title='bbox 1044 3823 1170 3892; x_wconf 79' lang='lat' dir='ltr'>Africis</span> 
     </span>
     <span class='ocr_line' id='line_1_27' title="bbox 531 3935 1185 4025; baseline 0.005 -24"><span class='ocrx_word' id='word_1_119' title='bbox 531 3935 640 4004; x_wconf 84' lang='lat' dir='ltr'>Malus</span> <span class='ocrx_word' id='word_1_120' title='bbox 661 3936 824 4025; x_wconf 76' lang='lat' dir='ltr'>procellis,</span> <span class='ocrx_word' id='word_1_121' title='bbox 845 3935 889 4003; x_wconf 87' lang='lat' dir='ltr'>ad</span> <span class='ocrx_word' id='word_1_122' title='bbox 910 3936 1048 4004; x_wconf 87' lang='lat' dir='ltr'>miseras</span> <span class='ocrx_word' id='word_1_123' title='bbox 1070 3957 1185 4025; x_wconf 81' lang='lat' dir='ltr'>preces</span> 
     </span>
     <span class='ocr_line' id='line_1_28' title="bbox 574 4047 1082 4129; baseline 0.004 -15"><span class='ocrx_word' id='word_1_124' title='bbox 574 4048 761 4116; x_wconf 81' lang='lat' dir='ltr'>Decurrere</span> <span class='ocrx_word' id='word_1_125' title='bbox 783 4052 819 4114; x_wconf 89' lang='lat' dir='ltr'>et</span> <span class='ocrx_word' id='word_1_126' title='bbox 840 4047 930 4115; x_wconf 89' lang='lat' dir='ltr'>votis</span> <span class='ocrx_word' id='word_1_127' title='bbox 951 4048 1082 4129; x_wconf 81' lang='lat' dir='ltr'>pacisci,</span> 
     </span>
     <span class='ocr_line' id='line_1_29' title="bbox 616 4157 1196 4249; baseline 0.002 -23"><span class='ocrx_word' id='word_1_128' title='bbox 616 4157 669 4226; x_wconf 90' lang='lat' dir='ltr'>Ne</span> <span class='ocrx_word' id='word_1_129' title='bbox 682 4157 836 4248; x_wconf 86' lang='lat' dir='ltr'>-Cypriae</span> <span class='ocrx_word' id='word_1_130' title='bbox 858 4158 1048 4249; x_wconf 74' lang='lat' dir='ltr'>Tyriaeque</span> <span class='ocrx_word' id='word_1_131' title='bbox 1070 4181 1196 4227; x_wconf 86' lang='lat' dir='ltr'>meroes</span> 
     </span>
    </p>
   </div>
   <div class='ocr_carea' id='block_1_12' title="bbox 531 4329 1219 4758">
    <p class='ocr_par' dir='ltr' id='par_1_13' title="bbox 531 4329 1219 4758">
     <span class='ocr_line' id='line_1_30' title="bbox 531 4329 1075 4399; baseline -0.002 -1"><span class='ocrx_word' id='word_1_132' title='bbox 531 4329 672 4398; x_wconf 82' lang='lat' dir='ltr'>Addunt</span> <span class='ocrx_word' id='word_1_133' title='bbox 692 4353 794 4399; x_wconf 86' lang='lat' dir='ltr'>avaro</span> <span class='ocrx_word' id='word_1_134' title='bbox 817 4330 954 4399; x_wconf 84' lang='lat' dir='ltr'>divitias</span> <span class='ocrx_word' id='word_1_135' title='bbox 975 4331 1075 4399; x_wconf 89' lang='lat' dir='ltr'>mari:</span> 
     </span>
     <span class='ocr_line' id='line_1_31' title="bbox 532 4442 1199 4532; baseline -0.001 -21"><span class='ocrx_word' id='word_1_136' title='bbox 532 4442 616 4511; x_wconf 82' lang='lat' dir='ltr'>Turn</span> <span class='ocrx_word' id='word_1_137' title='bbox 637 4465 688 4511; x_wconf 91' lang='lat' dir='ltr'>me</span> <span class='ocrx_word' id='word_1_138' title='bbox 709 4444 844 4511; x_wconf 90' lang='lat' dir='ltr'>biremis</span> <span class='ocrx_word' id='word_1_139' title='bbox 865 4443 1034 4532; x_wconf 86' lang='lat' dir='ltr'>praesidio</span> <span class='ocrx_word' id='word_1_140' title='bbox 1055 4443 1199 4532; x_wconf 74' lang='lat' dir='ltr'>scaphae</span> 
     </span>
     <span class='ocr_line' id='line_1_32' title="bbox 574 4554 1142 4645; baseline 0 -22"><span class='ocrx_word' id='word_1_141' title='bbox 574 4554 696 4623; x_wconf 75' lang='lat' dir='ltr'>Tutum</span> <span class='ocrx_word' id='word_1_142' title='bbox 717 4578 778 4645; x_wconf 92' lang='lat' dir='ltr'>per</span> <span class='ocrx_word' id='word_1_143' title='bbox 798 4554 955 4643; x_wconf 85' lang='lat' dir='ltr'>Aegaeos</span> <span class='ocrx_word' id='word_1_144' title='bbox 977 4555 1142 4623; x_wconf 88' lang='lat' dir='ltr'>turnultus</span> 
     </span>
     <span class='ocr_line' id='line_1_33' title="bbox 616 4663 1219 4758; baseline 0.002 -24"><span class='ocrx_word' id='word_1_145' title='bbox 616 4667 711 4735; x_wconf 79' lang='lat' dir='ltr'>Arna</span> <span class='ocrx_word' id='word_1_146' title='bbox 732 4669 820 4735; x_wconf 87' lang='lat' dir='ltr'>feret</span> <span class='ocrx_word' id='word_1_147' title='bbox 842 4668 1058 4758; x_wconf 88' lang='lat' dir='ltr'>geminusque</span> <span class='ocrx_word' id='word_1_148' title='bbox 1079 4663 1219 4735; x_wconf 61' lang='lat' dir='ltr'>Pollux?</span> 
     </span>
    </p>
   </div>
   <div class='ocr_carea' id='block_1_13' title="bbox 0 0 1788 5700">
    <p class='ocr_par' dir='ltr' id='par_1_14' title="bbox 0 0 1788 5700">
     <span class='ocr_line' id='line_1_34' title="bbox 0 0 1788 5700; baseline 0 1"><span class='ocrx_word' id='word_1_149' title='bbox 0 0 1788 5700; x_wconf 95' lang='lat' dir='ltr'> </span> 
     </span>
    </p>
   </div>
  </div>
 </body>
</html>
