3567 5700
772 569 893 629 ulnus.

363 750 553 841 Fontesque
575 750 722 840 lymphis
744 752 944 840 obstrepunt
965 754 1185 833 manantibus,

407 861 547 929 Somnos
568 863 656 952 quod
674 863 799 929 invitet
819 863 922 931 leves.

364 973 415 1040 At
435 996 509 1041 cum
530 974 680 1041 tonantis
703 997 809 1042 annus
830 975 990 1042 hibernus
1011 976 1103 1043 Iovis

407 1084 536 1152 Imbres
557 1084 717 1175 nivesque
743 1092 914 1174 conparat,

365 1197 438 1263 Aut
458 1195 568 1263 trudit
589 1218 683 1264 acras
704 1196 781 1265 hinc
803 1203 839 1264 et
860 1197 938 1264 hinc
959 1199 1066 1267 multa
1089 1221 1170 1266 cane

407 1309 520 1396 Apros
541 1306 575 1374 in
598 1309 771 1376 obstantes
791 1309 919 1398 plagas,

365 1419 438 1487 Aut
460 1419 563 1488 amite
584 1419 653 1487 levi
675 1443 755 1487 rara
776 1420 888 1487 tendit
911 1421 1006 1501 retia,

408 1530 531 1598 Turdis
553 1531 708 1599 edacibus
731 1532 832 1613 dolos,

366 1643 594 1732 Pavidumque
619 1643 766 1732 leporem
790 1650 825 1711 et
852 1644 1017 1712 advenam
1043 1644 1161 1734 laqueo
1183 1667 1300 1731 gmem

409 1753 559 1822 Iucunda
581 1761 697 1844 captat
717 1756 874 1844 praemia.

366 1866 448 1947 Quis
470 1889 536 1932 non
558 1867 746 1946 *malarum
769 1889 850 1956 quas
872 1890 965 1934 amor
988 1891 1085 1936 curas
1107 1869 1216 1947 habet,

410 1977 504 2044 Haec
526 1979 615 2045 inter
639 1978 871 2046 obliviscitur?

368 2088 494 2170 Quodsi
516 2089 638 2178 pudica
661 2091 780 2157 mulier
806 2091 840 2156 in
863 2097 995 2179 partem
1016 2092 1112 2158 iuvet

410 2202 552 2269 Domum
575 2208 677 2291 atque
700 2201 812 2270 dulces
835 2202 967 2284 liberos,

368 2313 492 2381 Sabina
513 2313 621 2403 qualis
644 2320 705 2380 aut
726 2320 865 2402 perusta
886 2314 1011 2382 solibus

411 2425 561 2493 Pernicis
578 2449 664 2492 uxor
683 2425 795 2515 Apuli,

369 2537 504 2605 Sacrum
526 2537 672 2604 vetustis
694 2544 848 2605 exstruat
870 2538 972 2623 lignis
993 2538 1102 2605 focum

411 2649 511 2717 Lassi
533 2650 592 2716 sub
616 2650 797 2716 adventum
819 2650 894 2730 viri,

370 2760 601 2852 Claudensque
623 2761 729 2828 textis
751 2760 900 2828 cratibus
921 2760 1048 2827 laetum
1070 2783 1171 2850 pecus

410 2874 571 2941 Distento
592 2874 697 2942 siccet
715 2874 819 2941 ubera

367 2984 415 3051 Et
435 2985 542 3053 horna
564 2985 652 3053 dulci
675 2986 756 3053 vina
777 3006 931 3075 promens
954 2985 1041 3052 dolio

410 3096 525 3184 Dapes
543 3097 710 3185 inemptas
733 3096 890 3185 adparet:

368 3206 444 3274 Non
465 3229 517 3274 me
541 3207 690 3276 Lucrina
712 3209 862 3276 iuverint
884 3208 1060 3295 conchylia

409 3318 562 3406 Magisve
584 3319 741 3387 rhombus
763 3326 823 3387 aut
844 3319 939 3399 scari,

368 3430 487 3520 Siquos
509 3430 590 3498 Eois
612 3432 768 3499 intonata
789 3431 947 3498 fluctibus

410 3544 549 3632 Hiemps
570 3542 614 3609 ad
634 3544 697 3610 hoc
717 3550 831 3611 vertat
850 3565 961 3625 mare,

367 3654 443 3722 Non
463 3653 551 3722 Afra
571 3654 646 3722 avis
669 3655 852 3722 descendat
873 3655 909 3721 in
930 3661 1083 3721 ventrem
1105 3674 1222 3732 meum,

410 3767 486 3835 Non
509 3774 652 3855 attagen
673 3767 807 3834 Ionicus

368 3878 547 3947 Iucundior
567 3901 667 3969 quam
687 3881 778 3948 lecte
799 3878 840 3945 de
862 3876 1090 3965 pinguissimis

411 3989 509 4059 Oliva
529 3992 633 4058 ramis
655 3992 807 4057 arborum

368 4101 441 4168 Aut
462 4102 567 4169 herba
587 4102 721 4190 lapathi
743 4107 845 4190 prata
867 4099 1012 4167 amantis
1034 4105 1070 4164 et
1092 4098 1191 4184 gravi

410 4213 544 4281 Malvae
566 4213 718 4280 salubres
740 4212 870 4300 corpori

369 4324 433 4392 Vel
455 4347 544 4411 agna
565 4324 664 4391 festis
684 4345 783 4391 caesa
803 4322 1048 4389 Terminalibus

411 4436 474 4502 Vel
497 4435 624 4504 haedus
647 4442 783 4524 ereptus
804 4434 891 4523 lupo.

370 4547 441 4614 Has
461 4548 552 4614 inter
574 4548 691 4635 epulas
713 4553 753 4612 ut
772 4547 869 4612 iuvat
890 4552 1006 4633 pastas
1029 4567 1108 4612 oves

412 4659 536 4725 Videre
559 4662 778 4747 properantes
802 4657 941 4736 domum,

370 4770 493 4838 Videre
514 4771 621 4837 fessos
644 4791 812 4835 vomerem
833 4768 1002 4835 inversum
1024 4768 1125 4833 boves

413 4880 505 4949 Collo
527 4881 703 4949 trahentes
724 4878 894 4966 languido,
