3567 5700
790 537 997 603 CARMINVM

797 826 999 904 XXVIIII.

484 985 661 1075 Tyrrhena
679 1007 796 1072 regum
817 984 1003 1072 progenies,
1025 983 1089 1051 tibi

483 1097 560 1166 Non
580 1104 658 1165 ante
680 1119 778 1164 verso
799 1098 874 1164 lane
896 1119 1022 1164 merum
1044 1096 1126 1164 eade

528 1209 610 1277 Cum
632 1211 722 1290 flore,
743 1209 929 1289 Maecenas,
949 1231 1099 1277 rosarum
1120 1213 1156 1275 et

569 1320 693 1389 Pressa
713 1322 783 1388 tuis
800 1320 943 1388 balanus
965 1321 1097 1410 capillis

484 1494 670 1562 Iandudum
692 1492 782 1583 apud
802 1500 905 1562 mest:
930 1494 1076 1582 eripete
1096 1513 1219 1572 morae,

484 1606 536 1674 Ne
556 1628 686 1696 semper
707 1606 808 1674 udum
830 1605 934 1673 Tibur
956 1612 991 1673 et
1012 1603 1155 1673 Aefulae

527 1719 667 1786 Deelive
690 1717 942 1807 *oontempleris
965 1741 1083 1786 arvum
1105 1724 1141 1784 et

570 1830 731 1916 Telegoni
752 1829 833 1918 iuga
853 1829 1048 1919 parricidae.

483 2002 708 2071 Fastidiosam
730 2002 846 2071 desere
869 2002 997 2091 copiam
1019 2007 1055 2069 et

484 2114 607 2183 Molem
628 2115 846 2205 propinquam
866 2114 1010 2182 nubibus
1031 2113 1155 2194 arduis,

529 2226 655 2295 Omitte
675 2227 790 2294 mirari
809 2229 930 2294 beatae

569 2339 709 2407 Fumnm
735 2345 770 2406 et
797 2361 876 2428 opes
907 2338 1149 2428 strepitumque
1172 2336 1310 2404 Romae.

483 2511 682 2602 Plerumque
704 2517 826 2598 gratae
846 2512 1010 2579 divitibus
1031 2511 1122 2579 viees

482 2624 692 2712 Mundaeque
717 2646 821 2713 parvo
847 2625 907 2692 sub
930 2624 1001 2691 lare
1024 2645 1206 2713 pauperum

527 2734 636 2805 Canae
660 2736 731 2804 sine
753 2735 881 2804 aulaeis
902 2742 937 2803 et
956 2742 1047 2803 ostro

568 2848 753 2917 Sollicitam
777 2848 966 2938 explicuere
987 2850 1140 2915 frontem

482 3022 705 3099 Iam‚†elarua
727 3022 892 3090 oecultum
913 3021 1147 3090 Andromedae
1168 3025 1267 3110 pater

483 3135 641 3205 Ostendit
662 3135 781 3221 ignem,
807 3135 874 3201 iam
895 3133 1050 3223 Procyon
1072 3133 1155 3200 furit

525 3248 573 3315 Et
593 3248 694 3316 atella
713 3246 830 3315 vesani
851 3246 974 3315 Leonis

569 3358 646 3427 Sole
667 3358 739 3427 dies
759 3358 929 3427 referente
951 3358 1071 3443 sieeos3

482 3532 555 3600 Iam
576 3537 692 3621 paator
711 3532 845 3600 umbras
867 3555 941 3600 oum
963 3552 1066 3619 grege
1087 3528 1245 3617 languido

483 3645 671 3734 Rivumque
693 3644 802 3712 fessus
824 3644 958 3733 quaerit
980 3650 1016 3711 at
1036 3642 1164 3710 horridi

525 3758 671 3825 Dumeta
689 3755 826 3839 Silvani
849 3762 1007 3846 caretque

568 3869 658 3958 Ripa
678 3869 775 3956 vagia
797 3869 967 3936 taeIturna
988 3868 1108 3937 ventis.

484 4040 535 4109 Tu
556 4042 730 4109 civitatem
751 4041 825 4132 quis
847 4041 967 4109 deceat
987 4046 1098 4108 status

484 4152 590 4221 Cures
612 4162 648 4221 et
668 4153 744 4220 urbi
766 4153 932 4220 sollicitus
953 4152 1060 4232 times,

527 4265 616 4348 Quid
635 4264 733 4333 Seres
756 4272 791 4332 et
811 4271 955 4352 regnata
973 4263 1062 4354 Cyro

569 4378 694 4445 Baetra
714 4384 835 4467 parent
854 4376 1043 4467 Tanaisque
1065 4374 1200 4445 discors

484 4550 636 4619 Prudens
657 4550 763 4619 futuri
784 4550 944 4639 temporis
967 4550 1096 4617 exitum

485 4663 676 4751 caliginosa
697 4667 794 4730 noete
816 4662 939 4752 premit
962 4661 1043 4729 deus

527 4775 696 4867 Ridetque
719 4775 749 4843 si
771 4774 925 4843 mortalis
948 4773 1041 4841 ultra

570 4886 637 4955 Fas
659 4886 818 4976 trepidat.
863 4885 961 4967 Quod
984 4885 1082 4953 adest
1104 4890 1267 4953 memento
