<?xml version="1.0" encoding="UTF-8"?>
<!DOCTYPE html PUBLIC "-//W3C//DTD XHTML 1.0 Transitional//EN"
    "http://www.w3.org/TR/xhtml1/DTD/xhtml1-transitional.dtd">
<html xmlns="http://www.w3.org/1999/xhtml" xml:lang="en" lang="en">
 <head>
  <title>
</title>
<meta http-equiv="Content-Type" content="text/html;charset=utf-8" />
  <meta name='ocr-system' content='tesseract 3.04.00' />
  <meta name='ocr-capabilities' content='ocr_page ocr_carea ocr_par ocr_line ocrx_word'/>
</head>
<body>
  <div class='ocr_page' id='page_1' title='image "./odenundepoden00mlgoog/odenundepoden00mlgoog_0030.png"; bbox 0 0 3567 5700; ppageno 0'>
   <div class='ocr_carea' id='block_1_1' title="bbox 791 566 997 630">
    <p class='ocr_par' dir='ltr' id='par_1_1' title="bbox 791 566 997 630">
     <span class='ocr_line' id='line_1_1' title="bbox 791 566 997 630; baseline -0.01 -1"><span class='ocrx_word' id='word_1_1' title='bbox 791 566 997 630; x_wconf 75' lang='lat' dir='ltr'><strong>cnanssuvn</strong></span> 
     </span>
    </p>
   </div>
   <div class='ocr_carea' id='block_1_2' title="bbox 480 751 1133 1154">
    <p class='ocr_par' dir='ltr' id='par_1_2' title="bbox 480 751 1133 1154">
     <span class='ocr_line' id='line_1_2' title="bbox 480 751 1071 840; baseline -0.002 -21"><span class='ocrx_word' id='word_1_2' title='bbox 480 751 546 819; x_wconf 86' lang='lat' dir='ltr'><strong>Hic</strong></span> <span class='ocrx_word' id='word_1_3' title='bbox 567 752 680 820; x_wconf 87' lang='lat' dir='ltr'><strong>vivum</strong></span> <span class='ocrx_word' id='word_1_4' title='bbox 703 752 784 818; x_wconf 90' lang='lat' dir='ltr'><strong>mihi</strong></span> <span class='ocrx_word' id='word_1_5' title='bbox 805 752 995 840; x_wconf 78' lang='lat' dir='ltr'><strong>caespitem,</strong></span> <span class='ocrx_word' id='word_1_6' title='bbox 1017 753 1071 819; x_wconf 88' lang='lat' dir='ltr'><strong>hie</strong></span> 
     </span>
     <span class='ocr_line' id='line_1_3' title="bbox 524 863 1133 952; baseline -0.003 -22"><span class='ocrx_word' id='word_1_7' title='bbox 524 863 705 943; x_wconf 73' lang='lat' dir='ltr'><strong>VerbenaS,</strong></span> <span class='ocrx_word' id='word_1_8' title='bbox 727 864 831 952; x_wconf 86' lang='lat' dir='ltr'><strong>pueri,</strong></span> <span class='ocrx_word' id='word_1_9' title='bbox 854 863 969 951; x_wconf 77' lang='lat' dir='ltr'>ponite</span> <span class='ocrx_word' id='word_1_10' title='bbox 992 869 1133 952; x_wconf 88' lang='lat' dir='ltr'><strong>turaque</strong></span> 
     </span>
     <span class='ocr_line' id='line_1_4' title="bbox 480 975 920 1062; baseline 0.002 -23"><span class='ocrx_word' id='word_1_11' title='bbox 480 975 567 1040; x_wconf 92' lang='lat' dir='ltr'><strong>Bimi</strong></span> <span class='ocrx_word' id='word_1_12' title='bbox 590 998 663 1041; x_wconf 90' lang='lat' dir='ltr'><strong>oum</strong></span> <span class='ocrx_word' id='word_1_13' title='bbox 685 981 803 1062; x_wconf 84' lang='lat' dir='ltr'><strong>patera</strong></span> <span class='ocrx_word' id='word_1_14' title='bbox 821 976 920 1041; x_wconf 86' lang='lat' dir='ltr'><strong>meri:</strong></span> 
     </span>
     <span class='ocr_line' id='line_1_5' title="bbox 524 1085 1077 1154; baseline 0.007 -4"><span class='ocrx_word' id='word_1_15' title='bbox 524 1085 672 1153; x_wconf 76' lang='lat' dir='ltr'><strong>Mactata</strong></span> <span class='ocrx_word' id='word_1_16' title='bbox 694 1086 808 1154; x_wconf 90' lang='lat' dir='ltr'><strong>veniet</strong></span> <span class='ocrx_word' id='word_1_17' title='bbox 829 1086 937 1152; x_wconf 88' lang='lat' dir='ltr'><strong>lenior</strong></span> <span class='ocrx_word' id='word_1_18' title='bbox 958 1085 1077 1154; x_wconf 84' lang='lat' dir='ltr'><strong>hostia</strong></span> 
     </span>
    </p>
   </div>
   <div class='ocr_carea' id='block_1_3' title="bbox 849 1439 935 1515">
    <p class='ocr_par' dir='ltr' id='par_1_3' title="bbox 849 1439 935 1515">
     <span class='ocr_line' id='line_1_6' title="bbox 849 1439 935 1515; baseline 0.012 -1"><span class='ocrx_word' id='word_1_19' title='bbox 849 1439 935 1515; x_wconf 85' lang='lat' dir='ltr'><strong>XX.</strong></span> 
     </span>
    </p>
   </div>
   <div class='ocr_carea' id='block_1_4' title="bbox 802 1593 982 1678">
    <p class='ocr_par' dir='ltr' id='par_1_4' title="bbox 802 1593 982 1678">
     <span class='ocr_line' id='line_1_7' title="bbox 802 1593 982 1632; baseline 0.011 -2"><span class='ocrx_word' id='word_1_20' title='bbox 802 1593 819 1630; x_wconf 63' lang='lat' dir='ltr'><strong>e</strong></span> <span class='ocrx_word' id='word_1_21' title='bbox 965 1593 982 1632; x_wconf 75' lang='lat'><strong>*</strong></span> 
     </span>
     <span class='ocr_line' id='line_1_8' title="bbox 883 1641 901 1678; baseline 0 -6"><span class='ocrx_word' id='word_1_22' title='bbox 883 1641 901 1678; x_wconf 61' lang='lat' dir='ltr'><strong>a</strong></span> 
     </span>
    </p>
   </div>
   <div class='ocr_carea' id='block_1_5' title="bbox 480 1721 1233 1924">
    <p class='ocr_par' dir='ltr' id='par_1_5' title="bbox 480 1721 1233 1924">
     <span class='ocr_line' id='line_1_9' title="bbox 480 1721 1050 1811; baseline 0.004 -22"><span class='ocrx_word' id='word_1_23' title='bbox 480 1721 558 1790; x_wconf 90' lang='lat' dir='ltr'><strong>Vile</strong></span> <span class='ocrx_word' id='word_1_24' title='bbox 579 1722 712 1811; x_wconf 83' lang='lat' dir='ltr'><strong>potabis</strong></span> <span class='ocrx_word' id='word_1_25' title='bbox 731 1721 868 1791; x_wconf 84' lang='lat' dir='ltr'><strong>modieis</strong></span> <span class='ocrx_word' id='word_1_26' title='bbox 890 1721 1050 1791; x_wconf 88' lang='lat' dir='ltr'><strong>Sabinum</strong></span> 
     </span>
     <span class='ocr_line' id='line_1_10' title="bbox 482 1831 1233 1924; baseline 0.004 -25"><span class='ocrx_word' id='word_1_27' title='bbox 482 1832 672 1915; x_wconf 78' lang='lat' dir='ltr'><strong>Cantharis,</strong></span> <span class='ocrx_word' id='word_1_28' title='bbox 696 1831 827 1902; x_wconf 82' lang='lat' dir='ltr'><strong>Graeca</strong></span> <span class='ocrx_word' id='word_1_29' title='bbox 847 1834 935 1923; x_wconf 86' lang='lat' dir='ltr'><strong>quod</strong></span> <span class='ocrx_word' id='word_1_30' title='bbox 958 1857 1020 1921; x_wconf 80' lang='lat' dir='ltr'><strong>ego</strong></span> <span class='ocrx_word' id='word_1_31' title='bbox 1042 1835 1115 1924; x_wconf 83' lang='lat' dir='ltr'><strong>ipae</strong></span> <span class='ocrx_word' id='word_1_32' title='bbox 1141 1839 1233 1902; x_wconf 82' lang='lat' dir='ltr'><strong>testa</strong></span> 
     </span>
    </p>
   </div>
   <div class='ocr_carea' id='block_1_6' title="bbox 482 1943 1092 2146">
    <p class='ocr_par' dir='ltr' id='par_1_6' title="bbox 482 1943 1092 2146">
     <span class='ocr_line' id='line_1_11' title="bbox 482 1943 1092 2027; baseline 0.002 -15"><span class='ocrx_word' id='word_1_33' title='bbox 482 1943 660 2013; x_wconf 79' lang='lat' dir='ltr'><strong>conditum</strong></span> <span class='ocrx_word' id='word_1_34' title='bbox 681 1944 757 2027; x_wconf 77' lang='lat' dir='ltr'><strong>levi,</strong></span> <span class='ocrx_word' id='word_1_35' title='bbox 780 1945 879 2013; x_wconf 82' lang='lat' dir='ltr'><strong>datus</strong></span> <span class='ocrx_word' id='word_1_36' title='bbox 901 1947 936 2012; x_wconf 93' lang='lat' dir='ltr'><strong>in</strong></span> <span class='ocrx_word' id='word_1_37' title='bbox 957 1946 1092 2013; x_wconf 87' lang='lat' dir='ltr'><strong>theatro</strong></span> 
     </span>
     <span class='ocr_line' id='line_1_12' title="bbox 525 2056 859 2146; baseline 0.006 -23"><span class='ocrx_word' id='word_1_38' title='bbox 525 2056 607 2124; x_wconf 85' lang='lat' dir='ltr'><strong>Cum</strong></span> <span class='ocrx_word' id='word_1_39' title='bbox 629 2057 692 2123; x_wconf 91' lang='lat' dir='ltr'><strong>tibi</strong></span> <span class='ocrx_word' id='word_1_40' title='bbox 714 2057 859 2146; x_wconf 82' lang='lat' dir='ltr'>plausus,</span> 
     </span>
    </p>
   </div>
   <div class='ocr_carea' id='block_1_7' title="bbox 481 2209 1124 2301">
    <p class='ocr_par' dir='ltr' id='par_1_7' title="bbox 481 2209 1124 2301">
     <span class='ocr_line' id='line_1_13' title="bbox 481 2209 1124 2301; baseline 0.002 -24"><span class='ocrx_word' id='word_1_41' title='bbox 481 2209 580 2278; x_wconf 83' lang='lat' dir='ltr'><strong>Clare</strong></span> <span class='ocrx_word' id='word_1_42' title='bbox 602 2210 778 2278; x_wconf 79' lang='lat' dir='ltr'><strong>Maecenas</strong></span> <span class='ocrx_word' id='word_1_43' title='bbox 800 2233 910 2301; x_wconf 75' lang='lat' dir='ltr'><strong>equea</strong></span> <span class='ocrx_word' id='word_1_44' title='bbox 932 2217 972 2278; x_wconf 86' lang='lat' dir='ltr'><strong>ut</strong></span> <span class='ocrx_word' id='word_1_45' title='bbox 992 2213 1124 2301; x_wconf 88' lang='lat' dir='ltr'><strong>paterni</strong></span> 
     </span>
    </p>
   </div>
   <div class='ocr_carea' id='block_1_8' title="bbox 481 2321 1174 2790">
    <p class='ocr_par' dir='ltr' id='par_1_8' title="bbox 481 2321 1067 2411">
     <span class='ocr_line' id='line_1_14' title="bbox 481 2321 1067 2411; baseline 0.003 -24"><span class='ocrx_word' id='word_1_46' title='bbox 481 2321 644 2389; x_wconf 82' lang='lat' dir='ltr'><strong>Fluminis</strong></span> <span class='ocrx_word' id='word_1_47' title='bbox 666 2322 760 2411; x_wconf 84' lang='lat' dir='ltr'>ripae</span> <span class='ocrx_word' id='word_1_48' title='bbox 780 2322 878 2389; x_wconf 85' lang='lat' dir='ltr'><strong>simul</strong></span> <span class='ocrx_word' id='word_1_49' title='bbox 900 2329 935 2389; x_wconf 93' lang='lat' dir='ltr'><strong>et</strong></span> <span class='ocrx_word' id='word_1_50' title='bbox 957 2323 1067 2390; x_wconf 83' lang='lat' dir='ltr'><strong>iocosa</strong></span> 
     </span>
    </p>

    <p class='ocr_par' dir='ltr' id='par_1_9' title="bbox 481 2432 1059 2632">
     <span class='ocr_line' id='line_1_15' title="bbox 481 2432 1059 2501; baseline 0.002 -1"><span class='ocrx_word' id='word_1_51' title='bbox 481 2432 654 2501; x_wconf 86' lang='lat' dir='ltr'><strong>Redderet</strong></span> <span class='ocrx_word' id='word_1_52' title='bbox 675 2434 793 2501; x_wconf 85' lang='lat' dir='ltr'><strong>laudes</strong></span> <span class='ocrx_word' id='word_1_53' title='bbox 812 2434 876 2500; x_wconf 81' lang='lat' dir='ltr'><strong>tibi</strong></span> <span class='ocrx_word' id='word_1_54' title='bbox 898 2433 1059 2501; x_wconf 79' lang='lat' dir='ltr'><strong>Vaticani</strong></span> 
     </span>
     <span class='ocr_line' id='line_1_16' title="bbox 523 2543 791 2632; baseline 0.007 -22"><span class='ocrx_word' id='word_1_55' title='bbox 523 2543 649 2612; x_wconf 81' lang='lat' dir='ltr'><strong>Montis</strong></span> <span class='ocrx_word' id='word_1_56' title='bbox 672 2545 791 2632; x_wconf 80' lang='lat' dir='ltr'><strong>imago.</strong></span> 
     </span>
    </p>

    <p class='ocr_par' dir='ltr' id='par_1_10' title="bbox 482 2698 1174 2790">
     <span class='ocr_line' id='line_1_17' title="bbox 482 2698 1174 2790; baseline 0 -24"><span class='ocrx_word' id='word_1_57' title='bbox 482 2698 670 2768; x_wconf 78' lang='lat' dir='ltr'>Caecubum</span> <span class='ocrx_word' id='word_1_58' title='bbox 692 2708 728 2768; x_wconf 90' lang='lat' dir='ltr'><strong>et</strong></span> <span class='ocrx_word' id='word_1_59' title='bbox 751 2702 845 2790; x_wconf 88' lang='lat' dir='ltr'><strong>prelo</strong></span> <span class='ocrx_word' id='word_1_60' title='bbox 868 2699 1027 2767; x_wconf 77' lang='lat' dir='ltr'><strong>domitam</strong></span> <span class='ocrx_word' id='word_1_61' title='bbox 1049 2699 1174 2768; x_wconf 82' lang='lat' dir='ltr'><strong>Caleno</strong></span> 
     </span>
    </p>
   </div>
   <div class='ocr_carea' id='block_1_9' title="bbox 483 2811 1169 2881">
    <p class='ocr_par' dir='ltr' id='par_1_11' title="bbox 483 2811 1169 2881">
     <span class='ocr_line' id='line_1_18' title="bbox 483 2811 1169 2881; baseline 0.001 -2"><span class='ocrx_word' id='word_1_62' title='bbox 483 2811 552 2879; x_wconf 60' lang='lat' dir='ltr'><strong>“lu</strong></span> <span class='ocrx_word' id='word_1_63' title='bbox 573 2811 667 2880; x_wconf 85' lang='lat' dir='ltr'><strong>bibes</strong></span> <span class='ocrx_word' id='word_1_64' title='bbox 688 2834 804 2880; x_wconf 88' lang='lat' dir='ltr'><strong>uvam:</strong></span> <span class='ocrx_word' id='word_1_65' title='bbox 826 2833 903 2879; x_wconf 88' lang='lat' dir='ltr'><strong>mea</strong></span> <span class='ocrx_word' id='word_1_66' title='bbox 922 2833 983 2880; x_wconf 89' lang='lat' dir='ltr'><strong>nee</strong></span> <span class='ocrx_word' id='word_1_67' title='bbox 1004 2812 1169 2881; x_wconf 84' lang='lat' dir='ltr'><strong>Falernae</strong></span> 
     </span>
    </p>
   </div>
   <div class='ocr_carea' id='block_1_10' title="bbox 482 2923 1119 3103">
    <p class='ocr_par' dir='ltr' id='par_1_12' title="bbox 482 2923 1119 3103">
     <span class='ocr_line' id='line_1_19' title="bbox 482 2923 1119 3013; baseline 0.003 -24"><span class='ocrx_word' id='word_1_68' title='bbox 482 2923 690 3012; x_wconf 87' lang='lat' dir='ltr'><strong>Praeparant</strong></span> <span class='ocrx_word' id='word_1_69' title='bbox 711 2924 800 2991; x_wconf 84' lang='lat' dir='ltr'><strong>vitos</strong></span> <span class='ocrx_word' id='word_1_70' title='bbox 820 2946 927 3013; x_wconf 87' lang='lat' dir='ltr'><strong>neque</strong></span> <span class='ocrx_word' id='word_1_71' title='bbox 949 2924 1119 2991; x_wconf 82' lang='lat' dir='ltr'><strong>Formiani</strong></span> 
     </span>
     <span class='ocr_line' id='line_1_20' title="bbox 525 3036 779 3103; baseline 0.004 -2"><span class='ocrx_word' id='word_1_72' title='bbox 525 3036 648 3103; x_wconf 81' lang='lat' dir='ltr'><strong>Pocula</strong></span> <span class='ocrx_word' id='word_1_73' title='bbox 669 3036 779 3103; x_wconf 87' lang='lat' dir='ltr'><strong>eolles.</strong></span> 
     </span>
    </p>
   </div>
   <div class='ocr_carea' id='block_1_11' title="bbox 843 3380 949 3457">
    <p class='ocr_par' dir='ltr' id='par_1_13' title="bbox 843 3380 949 3457">
     <span class='ocr_line' id='line_1_21' title="bbox 843 3380 949 3457; baseline -0.009 0"><span class='ocrx_word' id='word_1_74' title='bbox 843 3380 949 3457; x_wconf 90' lang='lat' dir='ltr'>XXI.</span> 
     </span>
    </p>
   </div>
   <div class='ocr_carea' id='block_1_12' title="bbox 482 3530 1128 3955">
    <p class='ocr_par' dir='ltr' id='par_1_14' title="bbox 482 3530 1128 3955">
     <span class='ocr_line' id='line_1_22' title="bbox 482 3530 1092 3621; baseline 0.007 -23"><span class='ocrx_word' id='word_1_75' title='bbox 482 3530 628 3600; x_wconf 85' lang='lat' dir='ltr'><strong>Dianam</strong></span> <span class='ocrx_word' id='word_1_76' title='bbox 649 3538 786 3602; x_wconf 87' lang='lat' dir='ltr'><strong>tenerae</strong></span> <span class='ocrx_word' id='word_1_77' title='bbox 809 3533 911 3601; x_wconf 88' lang='lat' dir='ltr'><strong>dieite</strong></span> <span class='ocrx_word' id='word_1_78' title='bbox 934 3533 1092 3621; x_wconf 80' lang='lat' dir='ltr'><strong>virginee,</strong></span> 
     </span>
     <span class='ocr_line' id='line_1_23' title="bbox 482 3643 1128 3734; baseline 0.005 -24"><span class='ocrx_word' id='word_1_79' title='bbox 482 3643 663 3725; x_wconf 75' lang='lat' dir='ltr'><strong>Intoneum</strong></span> <span class='ocrx_word' id='word_1_80' title='bbox 685 3645 788 3733; x_wconf 87' lang='lat' dir='ltr'><strong>pueri,</strong></span> <span class='ocrx_word' id='word_1_81' title='bbox 811 3645 914 3712; x_wconf 86' lang='lat' dir='ltr'><strong>dieite</strong></span> <span class='ocrx_word' id='word_1_82' title='bbox 936 3643 1128 3734; x_wconf 81' lang='lat' dir='ltr'><strong>Cynthium,</strong></span> 
     </span>
     <span class='ocr_line' id='line_1_24' title="bbox 527 3754 933 3845; baseline 0.01 -25"><span class='ocrx_word' id='word_1_83' title='bbox 527 3754 758 3844; x_wconf 75' lang='lat' dir='ltr'><strong>Latonamque</strong></span> <span class='ocrx_word' id='word_1_84' title='bbox 780 3779 933 3845; x_wconf 82' lang='lat' dir='ltr'><strong>supremo</strong></span> 
     </span>
     <span class='ocr_line' id='line_1_25' title="bbox 569 3866 1000 3955; baseline 0.007 -23"><span class='ocrx_word' id='word_1_85' title='bbox 569 3866 738 3933; x_wconf 78' lang='lat' dir='ltr'><strong>Dilectum</strong></span> <span class='ocrx_word' id='word_1_86' title='bbox 760 3868 895 3955; x_wconf 85' lang='lat' dir='ltr'><strong>penitus</strong></span> <span class='ocrx_word' id='word_1_87' title='bbox 918 3869 1000 3935; x_wconf 85' lang='lat' dir='ltr'><strong>Iovi.</strong></span> 
     </span>
    </p>
   </div>
   <div class='ocr_carea' id='block_1_13' title="bbox 483 4036 1205 4125">
    <p class='ocr_par' dir='ltr' id='par_1_15' title="bbox 483 4036 1205 4125">
     <span class='ocr_line' id='line_1_26' title="bbox 483 4036 1205 4125; baseline 0.008 -21"><span class='ocrx_word' id='word_1_88' title='bbox 483 4036 553 4104; x_wconf 87' lang='lat' dir='ltr'><strong>Vos</strong></span> <span class='ocrx_word' id='word_1_89' title='bbox 576 4038 699 4104; x_wconf 88' lang='lat' dir='ltr'><strong>laetam</strong></span> <span class='ocrx_word' id='word_1_90' title='bbox 721 4038 832 4106; x_wconf 86' lang='lat' dir='ltr'><strong>fluviis</strong></span> <span class='ocrx_word' id='word_1_91' title='bbox 855 4046 890 4105; x_wconf 91' lang='lat' dir='ltr'><strong>et</strong></span> <span class='ocrx_word' id='word_1_92' title='bbox 913 4062 1081 4109; x_wconf 88' lang='lat' dir='ltr'><strong>nemorum</strong></span> <span class='ocrx_word' id='word_1_93' title='bbox 1105 4064 1205 4125; x_wconf 80' lang='lat' dir='ltr'><strong>eoma,</strong></span> 
     </span>
    </p>
   </div>
   <div class='ocr_carea' id='block_1_14' title="bbox 486 4146 1310 4349">
    <p class='ocr_par' dir='ltr' id='par_1_16' title="bbox 486 4146 1310 4349">
     <span class='ocr_line' id='line_1_27' title="bbox 486 4146 1310 4241; baseline 0.007 -26"><span class='ocrx_word' id='word_1_94' title='bbox 486 4146 719 4238; x_wconf 78' lang='lat' dir='ltr'><strong>Quaecumque</strong></span> <span class='ocrx_word' id='word_1_95' title='bbox 746 4155 806 4216; x_wconf 90' lang='lat' dir='ltr'><strong>aut</strong></span> <span class='ocrx_word' id='word_1_96' title='bbox 828 4149 957 4236; x_wconf 79' lang='lat' dir='ltr'><strong>†ge1ido</strong></span> <span class='ocrx_word' id='word_1_97' title='bbox 986 4152 1153 4241; x_wconf 85' lang='lat' dir='ltr'><strong>prominet</strong></span> <span class='ocrx_word' id='word_1_98' title='bbox 1174 4154 1310 4241; x_wconf 83' lang='lat' dir='ltr'><strong>Algido,</strong></span> 
     </span>
     <span class='ocr_line' id='line_1_28' title="bbox 527 4260 951 4349; baseline 0.005 -23"><span class='ocrx_word' id='word_1_99' title='bbox 527 4260 644 4346; x_wconf 80' lang='lat' dir='ltr'><strong>Nign&#39;s</strong></span> <span class='ocrx_word' id='word_1_100' title='bbox 666 4267 725 4327; x_wconf 87' lang='lat' dir='ltr'><strong>aut</strong></span> <span class='ocrx_word' id='word_1_101' title='bbox 746 4260 951 4349; x_wconf 77' lang='lat' dir='ltr'><strong>Erymanthi</strong></span> 
     </span>
    </p>
   </div>
   <div class='ocr_carea' id='block_1_15' title="bbox 570 4370 1031 4461">
    <p class='ocr_par' dir='ltr' id='par_1_17' title="bbox 570 4370 1031 4461">
     <span class='ocr_line' id='line_1_29' title="bbox 570 4370 1031 4461; baseline 0.009 -24"><span class='ocrx_word' id='word_1_102' title='bbox 570 4370 672 4438; x_wconf 82' lang='lat' dir='ltr'><strong>Silvis</strong></span> <span class='ocrx_word' id='word_1_103' title='bbox 693 4377 753 4439; x_wconf 87' lang='lat' dir='ltr'><strong>aut</strong></span> <span class='ocrx_word' id='word_1_104' title='bbox 774 4372 894 4440; x_wconf 84' lang='lat' dir='ltr'><strong>viridis</strong></span> <span class='ocrx_word' id='word_1_105' title='bbox 915 4372 1031 4461; x_wconf 77' lang='lat' dir='ltr'><strong>Cmg13</strong></span> 
     </span>
    </p>
   </div>
   <div class='ocr_carea' id='block_1_16' title="bbox 483 4542 1182 4971">
    <p class='ocr_par' dir='ltr' id='par_1_18' title="bbox 483 4542 1182 4971">
     <span class='ocr_line' id='line_1_30' title="bbox 483 4542 1174 4633; baseline 0.007 -23"><span class='ocrx_word' id='word_1_106' title='bbox 483 4542 553 4610; x_wconf 82' lang='lat' dir='ltr'><strong>Vos</strong></span> <span class='ocrx_word' id='word_1_107' title='bbox 575 4542 698 4633; x_wconf 76' lang='lat' dir='ltr'><strong>Tempe</strong></span> <span class='ocrx_word' id='word_1_108' title='bbox 720 4544 861 4612; x_wconf 90' lang='lat' dir='ltr'><strong>totidem</strong></span> <span class='ocrx_word' id='word_1_109' title='bbox 883 4547 995 4614; x_wconf 88' lang='lat' dir='ltr'><strong>tollite</strong></span> <span class='ocrx_word' id='word_1_110' title='bbox 1018 4547 1174 4615; x_wconf 83' lang='lat' dir='ltr'><strong>laudibus</strong></span> 
     </span>
     <span class='ocr_line' id='line_1_31' title="bbox 485 4654 1182 4748; baseline 0.007 -27"><span class='ocrx_word' id='word_1_111' title='bbox 485 4654 714 4744; x_wconf 85' lang='lat' dir='ltr'><strong>Natalemque‚</strong></span> <span class='ocrx_word' id='word_1_112' title='bbox 736 4679 852 4737; x_wconf 84' lang='lat' dir='ltr'><strong>mares,</strong></span> <span class='ocrx_word' id='word_1_113' title='bbox 877 4657 985 4724; x_wconf 90' lang='lat' dir='ltr'><strong>Delon</strong></span> <span class='ocrx_word' id='word_1_114' title='bbox 1006 4658 1182 4748; x_wconf 83' lang='lat' dir='ltr'><strong>Apollinis,</strong></span> 
     </span>
     <span class='ocr_line' id='line_1_32' title="bbox 526 4766 942 4857; baseline 0.012 -26"><span class='ocrx_word' id='word_1_115' title='bbox 526 4766 759 4856; x_wconf 84' lang='lat' dir='ltr'><strong>Insignemque</strong></span> <span class='ocrx_word' id='word_1_116' title='bbox 780 4768 942 4857; x_wconf 87' lang='lat' dir='ltr'><strong>pharetra</strong></span> 
     </span>
     <span class='ocr_line' id='line_1_33' title="bbox 569 4877 1100 4971; baseline 0.011 -28"><span class='ocrx_word' id='word_1_117' title='bbox 569 4877 800 4967; x_wconf 80' lang='lat' dir='ltr'><strong>Fraternaque</strong></span> <span class='ocrx_word' id='word_1_118' title='bbox 825 4881 992 4947; x_wconf 68' lang='lat' dir='ltr'><strong>&#39;sumerum</strong></span> <span class='ocrx_word' id='word_1_119' title='bbox 1015 4882 1100 4971; x_wconf 83' lang='lat' dir='ltr'><strong>lyra.</strong></span> 
     </span>
    </p>
   </div>
   <div class='ocr_carea' id='block_1_17' title="bbox 0 0 1794 5700">
    <p class='ocr_par' dir='ltr' id='par_1_19' title="bbox 0 0 1794 5700">
     <span class='ocr_line' id='line_1_34' title="bbox 0 0 1794 5700; baseline 0 0"><span class='ocrx_word' id='word_1_120' title='bbox 0 0 1794 5700; x_wconf 95' lang='lat' dir='ltr'><strong> </strong></span> 
     </span>
    </p>
   </div>
  </div>
 </body>
</html>
