3567 5700
479 803 557 873 Nox
576 810 613 873 et
632 803 752 886 Diana,
775 825 860 894 quae
881 803 1052 872 silentium
1074 801 1174 889 regis,

522 917 658 986 Arouna
679 939 753 984 oum
773 915 860 983 fiunt
882 938 987 996 saera,

480 1028 586 1110 Nune,
608 1053 695 1097 nuno
716 1029 841 1109 adeste,
862 1051 950 1096 nuno
969 1028 1005 1094 in
1028 1027 1167 1094 hostiles
1189 1027 1303 1094 domos

522 1142 613 1208 Iram
634 1146 737 1230 atque
759 1162 880 1207 numen
902 1140 1037 1207 vertite.

479 1251 721 1320 Formidulosis
742 1251 822 1319 dum
844 1252 952 1319 latent
973 1251 1068 1318 silvis
1090 1251 1183 1317 ferae

522 1364 623 1432 Dulei
644 1384 762 1451 sopore
784 1363 973 1450 languidae,

481 1473 610 1556 Senem,
633 1474 721 1565 quod
744 1497 857 1543 omnes
879 1475 1022 1555 rideant,
1045 1474 1235 1541 adulterum

522 1586 669 1655 Latrent
690 1585 885 1655 Suburanae
906 1610 1013 1666 oanes,

479 1698 595 1767 Nardo
617 1705 821 1788 perunctum,
844 1699 941 1789 quale
964 1722 1028 1765 non
1051 1696 1233 1786 perfectius

522 1810 620 1878 Meae
641 1811 829 1878 laborarint
850 1832 976 1876 manus

480 1922 568 2005 Quid
589 1923 735 1990 accidit?
780 1920 848 1990 Cur
870 1920 945 1988 dira
966 1921 1130 1989 barbarae
1152 1922 1260 1988 minus

522 2034 662 2102 Venena
683 2033 823 2101 Medeae
845 2033 970 2111 valent

480 2146 607 2231 Quibus
627 2147 803 2235 superbam
825 2145 915 2231 fugit
936 2146 1011 2211 ulta
1033 2144 1201 2234 paelicem,

521 2258 638 2345 Magni
659 2257 814 2325 Creontis
836 2256 946 2336 filiam,

480 2369 561 2436 Cum
583 2369 682 2459 pallo,
704 2370 784 2437 tabo
803 2392 922 2435 munus
944 2368 1114 2449 imbutum,
1137 2392 1256 2436 novam

521 2481 679 2550 lucendio
701 2486 840 2569 nuptam
861 2480 1025 2547 abstulit?

479 2593 587 2684 Atqui
610 2615 672 2661 neo
693 2593 797 2661 herba
818 2614 880 2660 neo
901 2591 1012 2659 latens
1033 2592 1068 2657 in
1092 2592 1221 2680 asperis

521 2705 635 2773 Radix
655 2705 777 2772 fefellit
798 2726 850 2771 me
873 2704 963 2773 loeis.

478 2817 644 2886 Indormit
664 2818 774 2885 unotis
798 2817 943 2885 omnium
966 2815 1128 2883 eubilibus

521 2930 698 2998 Oblivione
720 2929 895 3019 paelicum.

479 3043 563 3124 Aba,
586 3044 716 3112 solutus
737 3040 888 3109 ambulat
910 3039 1077 3107 veneficae

521 3152 718 3223 Soientioris
740 3152 901 3221 carmine!

478 3266 554 3335 Non
575 3266 720 3348 usitatis,
742 3265 841 3345 Varo,
863 3264 1062 3353 potionibus,

521 3380 549 3445 Ο
570 3380 676 3446 multa
696 3379 853 3445 fleturum
875 3385 984 3464 eaput

478 3490 533 3559 Ad
553 3513 607 3558 me
628 3511 789 3570 resumes,
811 3511 872 3556 neo
892 3494 1014 3557 voeata
1036 3510 1128 3556 mens
1149 3492 1210 3553 tua

520 3603 644 3672 Marsis
666 3602 791 3669 redibit
812 3601 960 3669 vocibus.

477 3715 587 3783 Maius
607 3716 743 3803 parabo,
765 3713 873 3780 maius
895 3711 1068 3779 infundam
1088 3711 1153 3778 tibi

519 3825 724 3895 Fastidienti
745 3826 908 3914 poculum,

476 3939 638 4028 Priusque
658 3938 787 4006 eaelum
808 3937 899 4004 sidet
918 3934 1058 4002 inferius
1081 3934 1167 4001 mari

519 4049 654 4117 Tellure
675 4055 831 4138 porrecte
853 4069 963 4137 super,

479 4160 585 4243 Quam
606 4186 673 4229 non
695 4182 807 4229 amore
829 4159 878 4228 sio
900 4180 973 4226 meo
995 4159 1117 4244 flagres
1138 4157 1191 4224 uti

521 4273 679 4341 Bitumen
701 4273 787 4341 atris
808 4265 963 4358 ignibus’

481 4384 547 4453 Sub
569 4386 654 4454 haee
674 4406 758 4473 puer
779 4384 846 4451 iam
867 4406 942 4464 non,
963 4388 1003 4449 ut
1023 4390 1110 4461 aute,
1130 4380 1283 4447 mollibus

520 4496 644 4565 Lenire
666 4496 778 4563 verbis
800 4495 919 4583 inpias,

481 4606 546 4676 Sed
568 4608 700 4689 dubius,
724 4608 810 4675 unde
832 4612 1005 4695 rumperet
1026 4604 1202 4684 silentium,

520 4720 617 4790 Misit
638 4719 828 4809 Thyesteas
850 4741 981 4808 preces:

481 4829 635 4901 ‘Venena
655 4854 754 4918 maga
776 4855 841 4899 non
863 4832 916 4897 lae
939 4831 1104 4918 nefasque,
1126 4850 1191 4893 non
1210 4828 1324 4893 valent

523 4943 731 5013 Convertere
751 4943 929 5013 humanam
950 4941 1065 5009 vicem.
