3567 5700
798 609 987 672 LIBEBIIL
1072 506 1098 568 .

423 793 511 863 Pars
531 793 662 862 inclusa
684 793 846 861 caloribus

467 905 585 974 Mundi
607 928 668 974 nec
688 906 810 973 boreae
832 905 1009 973 finitimum
1027 907 1118 975 latius

425 1019 641 1108 Durataeque
662 1017 737 1107 polo
760 1017 855 1086 nives

467 1130 687 1200 Mercatorem
709 1128 858 1216 abigrmt,
880 1129 1016 1197 horrida
1033 1130 1148 1198 callidi

426 1285 574 1354 Vincunt
594 1306 740 1374 aequora
759 1285 906 1365 navitae,

467 1397 626 1485 Magnum
646 1395 824 1486 pauperies
846 1396 1059 1486 opprobrium
1080 1397 1174 1466 iubet

426 1508 567 1592 Quidvis
589 1514 625 1577 et
645 1507 757 1576 facere
780 1515 816 1575 et
836 1509 918 1596 pati,

467 1619 678 1710 Virtutisque
699 1620 791 1688 viam
812 1619 939 1689 deseris
959 1621 1093 1689 arduae.

425 1775 490 1844 Vel
511 1800 570 1843 nos
590 1776 625 1843 in
648 1773 860 1865 Capitolium,

468 1887 541 1970 Quo
563 1888 687 1956 clamor
707 1894 807 1957 vocat
830 1894 866 1956 et
886 1890 988 1956 turba
1008 1873 1200 1971 faventium,

425 2000 490 2067 Vel
514 2023 574 2067 nos
594 1999 630 2066 in
652 2023 743 2069 mare
765 2000 950 2090 proximum

469 2111 623 2181 Gemmas
646 2119 682 2181 et
703 2113 841 2202 lapides,
864 2136 982 2181 aurum
1004 2099 1040 2180 et
1060 2113 1188 2196 inutile,

425 2267 552 2335 Summi
572 2268 745 2336 materiem
767 2268 854 2350 mali,

466 2381 650 2463 Mittmus,
673 2382 834 2449 scelerum
856 2382 886 2450 si
908 2383 991 2450 bene
1013 2383 1171 2471 paenitet

425 2492 606 2562 Eradsnda
628 2493 792 2584 cupidinis

467 2605 572 2673 Pravi
594 2613 673 2674 sunt
695 2606 861 2674 elementa
883 2614 920 2675 et
940 2614 1078 2675 tenerae
1100 2606 1197 2674 nimis

424 2761 556 2828 Montes
578 2761 803 2851 asperioribus

466 2873 676 2942 Formandae
698 2874 828 2943 studiis.
872 2874 991 2944 Nescit
1012 2899 1096 2967 equo
1119 2877 1211 2945 rudis

424 2986 574 3055 Haerere
596 2988 761 3074 ingennus
784 3010 868 3076 puer

467 3097 659 3190 Venerique
682 3099 789 3181 timet,
809 3099 926 3168 ludere
949 3100 1085 3181 doctior,

425 3262 491 3332 Seu
513 3262 642 3332 Graeco
664 3264 778 3332 iubeas
799 3264 925 3345 trocho,

467 3375 534 3445 Seu
553 3377 649 3445 malis
671 3376 782 3445 vetita
802 3376 934 3464 legibus
956 3376 1040 3458 alea,

425 3488 506 3557 Cum
524 3490 659 3579 periura
680 3490 790 3579 patris
808 3489 891 3557 fides

467 3599 661 3669 Consortem
684 3602 809 3671 socium
829 3601 927 3669 fallat
950 3607 985 3668 et
1006 3601 1172 3691 hospitem

424 3764 630 3855 indignoque
649 3766 823 3856 pecuniam

466 3877 593 3945 Heredi
612 3883 778 3968 properet.
822 3877 960 3946 Scilicet
980 3878 1139 3966 inprobae

424 3987 586 4059 Crescunt
605 3990 761 4076 divitiae;
783 3998 895 4058 tamen

467 4099 591 4171 curtae
613 4103 805 4194 nescioquid
825 4125 957 4193 semper
978 4105 1076 4172 abest
1096 4104 1154 4171 rei

822 4464 943 4541 XXV.

423 4617 494 4701 Quo
516 4640 576 4698 me,
602 4618 742 4699 Bacche,
764 4619 854 4708 rapis
876 4620 928 4686 tui

464 4731 624 4797 Plenum?
670 4730 763 4812 Quae
785 4753 921 4798 nemora
944 4738 1005 4799 aut
1026 4757 1107 4821 quos
1129 4756 1212 4819 agor
1233 4733 1266 4800 in
1288 4755 1406 4823 specus

421 4842 529 4911 Velox
550 4850 661 4911 mente
683 4844 793 4911 nova?
838 4842 965 4925 Quibus

463 4953 584 5024 Antris
606 4956 734 5044 egregii
757 4954 913 5025 Caesaris
936 4955 1054 5025 audiar
