3567 5700
794 574 1000 640 unaldum

537 760 658 828 Omnes
680 762 795 829 eodem
817 763 973 848 cogimur,
996 762 1138 829 omnium

536 872 702 941 Versatur
722 897 807 941 urna
828 874 935 941 scrius
957 875 1048 940 ocius

580 984 659 1053 Sors
682 986 815 1053 exitura
837 991 873 1052 et
895 1010 954 1053 nos
976 986 1010 1052 in
1033 992 1207 1052 aeternum

621 1097 785 1165 Exsilium
808 1098 994 1185 inpositura
1017 1099 1165 1187 cymbae.

852 1477 941 1551 IIII.

535 1629 588 1698 Ne
612 1630 658 1696 sit
679 1630 821 1697 ancillae
843 1631 907 1697 tibi
930 1653 1022 1697 amor
1043 1631 1170 1719 pudori,

535 1741 686 1809 Xanthia
708 1740 849 1809 Phoceu.
894 1741 993 1808 Prius
1015 1743 1214 1811 insolentem

536 1851 641 1920 Serva
663 1853 790 1921 Briseis
811 1853 910 1921 niveo
931 1854 1039 1921 colore

578 1963 687 2031 Movit
710 1964 908 2048 lAchillem3

534 2153 643 2219 Movit
665 2151 804 2220 Aiacem
825 2153 1005 2221 Telamone
1027 2163 1143 2222 natum

534 2264 656 2331 Forma
680 2265 836 2352 captivae
858 2266 1023 2333 dominum
1045 2267 1255 2335 Tecmessae:

534 2376 631 2443 Arsit
654 2375 794 2443 Atrides
815 2377 924 2445 medio
946 2379 981 2444 in
1003 2378 1171 2468 triumpho

576 2486 717 2573 Virgine
739 2494 846 2576 rapta,

534 2674 705 2743 Barbarae
727 2683 902 2765 postquam
927 2678 1074 2745 occidere
1098 2687 1229 2747 turmae

533 2785 694 2854 Thessalo
716 2788 843 2855 victore
869 2794 904 2855 ct
931 2788 1106 2878 adern'ptus
1128 2790 1254 2860 Hector

532 2896 686 2965 'Prodidit
707 2899 805 2966 fessis
831 2900 960 2968 leviora
982 2902 1056 2969 tolli

575 3008 740 3096 Pergama
763 3009 873 3078 Grais.

532 3196 673 3265 Nesoias
696 3222 738 3266 an
760 3206 795 3266 te
818 3222 978 3287 generum
1000 3202 1091 3269 beati

531 3308 698 3397 Phyllidis
720 3312 830 3379 flavae
854 3311 1013 3379 decorent
1036 3321 1201 3402 parentes.

531 3420 675 3507 Regium
699 3429 789 3488 certe
812 3445 926 3508 genus,
948 3431 983 3490 et
1004 3434 1143 3512 penates

574 3530 707 3599 Maeret
728 3534 867 3622 iniquos.

532 3718 638 3786 Crede
662 3744 727 3787 non
749 3720 841 3789 illam
860 3722 925 3789 tibi
947 3723 988 3790 de
1012 3726 1154 3794 scelesta
1184 3763 1189 3775 ·

532 3830 633 3898 Plcbe
658 3832 815 3899 dilectam
836 3855 941 3924 neque
965 3836 1012 3901 sic
1032 3836 1171 3918 fidelem,

531 3942 587 4009 Sic
609 3943 700 4010 lucro
724 3966 877 4012 aversam
900 3946 1048 4034 potuisse
1071 3948 1163 4014 nasci

572 4054 683 4121 Matre
705 4055 867 4144 pudenda

529 4241 695 4309 Bracchia
717 4250 753 4309 et
774 4244 901 4309 voltum
923 4251 1114 4335 teretesque
1136 4269 1232 4314 suras

529 4351 668 4438 Integer
689 4353 805 4437 laudo;
828 4353 906 4440 fuge
929 4356 1098 4443 suspicari,

531 4461 634 4530 Cuius
656 4471 811 4530 octavum
832 4465 1019 4552 trepidavit
1039 4474 1134 4534 aetas

574 4573 739 4642 Claudere
761 4574 912 4642 lustrum.

940 4799 942 4801 .
977 4798 980 4802 .
