3567 5700
668 565 827 628 GARMEN
849 566 1082 629 endenses.

502 749 634 840 Vosque
656 770 793 816 veraces
815 751 982 833 cecinisse,
1005 752 1139 833 Parcae,

503 861 599 943 Quod
621 862 724 929 semel
746 862 870 929 dictum
895 864 1026 931 stabilis
1046 887 1108 953 per
1129 888 1246 933 aevrnn

502 974 676 1041 Terminus
697 979 819 1054 servat,
839 975 924 1041 bona
946 975 1011 1041 iam
1033 977 1181 1064 peractis

543 1085 679 1172 lungite
701 1086 782 1153 fate.

500 1264 639 1332 Fertilis
659 1265 793 1352 frugum
815 1267 1009 1356 pecorisque
1031 1268 1133 1335 tellus

501 1376 622 1465 Spicea
643 1377 745 1445 donet
768 1376 924 1444 Cererem
946 1401 1085 1463 corona;

500 1488 664 1556 Nutriant
683 1489 772 1555 fetus
794 1495 830 1556 et
851 1512 957 1578 aquae
980 1492 1129 1559 salubres

541 1600 590 1666 Et
611 1600 703 1668 Iovis
725 1622 838 1667 aurae.

501 1779 642 1848 Condito
665 1781 756 1848 mitis
777 1782 993 1871 placidusque
1016 1783 1084 1850 telo

500 1891 673 1981 Supplices
695 1892 774 1959 andi
796 1915 926 1982 pueros,
947 1893 1086 1983 Apollo;

501 2002 653 2071 Siderum
674 2005 793 2091 regina
813 2005 966 2087 bicornis,
989 2007 1075 2087 audi,

541 2114 646 2197 Luna,
667 2116 806 2204 puellas.

747 2305 764 2340 *
850 2306 867 2342 *
953 2306 970 2342 *

498 2459 607 2526 Roma
628 2460 658 2526 si
678 2467 863 2528 vestrumst
884 2483 975 2549 opus,
997 2461 1147 2551 Iliaeque

499 2571 597 2638 Litus
618 2571 797 2638 Etruscum
818 2578 957 2640 tenuere
979 2579 1118 2654 turmae,

499 2682 596 2750 Iussa
615 2705 695 2773 pars
715 2689 847 2750 mutare
871 2684 978 2751 Lares
998 2690 1034 2751 et
1054 2685 1169 2751 urbem

542 2794 675 2885 Sospite
698 2818 804 2877 eursu,

500 2975 563 3043 Cui
583 2998 645 3065 per
666 2975 839 3043 ardentem
861 2975 933 3042 sine
955 2976 1071 3044 fraude
1094 2976 1227 3044 Troiam

499 3088 619 3156 Castus
640 3086 774 3155 Aeneas
795 3088 927 3175 patriae
950 3092 1121 3176 superstes

498 3199 656 3266 Liberum
677 3200 821 3266 munivit
843 3200 918 3279 iter,
940 3199 1082 3266 daturus

541 3311 646 3378 Plura
667 3310 813 3378 relictis:

498 3493 552 3575 Di,
573 3493 695 3581 probos
717 3513 825 3559 mores
848 3490 947 3559 docili
969 3492 1136 3571 iuventae,

498 3605 550 3685 Di,
573 3604 739 3671 senectuti
761 3603 912 3690 placidae
934 3604 1088 3693 quietern,

497 3715 657 3782 Romulae
679 3715 775 3801 genti
797 3714 876 3781 dete
898 3737 1031 3803 remque
1053 3714 1244 3803 prolemque

539 3827 587 3894 Et
610 3828 711 3894 decus
733 3848 835 3892 omne.

499 4008 655 4097 Quaeque
676 4030 737 4074 vos
758 4007 863 4074 bobus
886 4012 1069 4074 veneretur
1091 4007 1176 4073 albis

499 4118 618 4186 Clarus
638 4117 809 4185 Anchisae
832 4118 1037 4207 Venerisque
1060 4118 1205 4204 sangnis,

498 4231 660 4319 Inpetret‚
681 4230 829 4296 bellante
851 4230 951 4316 prior,
973 4230 1138 4296 iacentem

540 4341 642 4409 Lenis
665 4342 700 4407 in
721 4342 860 4408 hostem.

498 4523 569 4588 Iam
589 4522 674 4588 mari
695 4529 853 4609 terraque
875 4541 993 4586 manus
1013 4525 1169 4607 potentes

499 4633 616 4699 Medus
640 4632 855 4721 Albanasque
878 4632 978 4697 timet
1000 4652 1140 4733 secures,

499 4743 569 4809 Iam
591 4741 738 4831 Scythae
760 4765 922 4830 responsa
943 4749 1064 4829 petunt
1086 4742 1221 4831 superbi

540 4855 656 4943 Nuper
678 4861 714 4921 et
732 4852 819 4920 Indi.
