3567 5700
731 612 848 678 Lmen
869 614 890 675 I.

425 797 554 867 Felices
575 802 685 866 teret
706 797 856 887 emplius,

467 909 558 994 Quos
579 910 718 1000 inrupte
738 915 834 978 tenet
852 911 971 1000 oopuls
993 933 1053 979 neo
1074 911 1172 978 melis

425 1023 582 1091 Divolsus
604 1022 839 1114 quaerimoniis

466 1133 628 1224 Suprema
650 1135 750 1203 eitius
772 1136 881 1205 solvet
904 1158 996 1203 emor
1015 1136 1078 1205 die.

747 1516 876 1592 XIIII.

423 1670 450 1736 0
472 1670 576 1752 nevis,
598 1671 748 1739 referent
769 1671 804 1737 in
826 1693 917 1738 mure
939 1677 975 1738 te
997 1674 1074 1740 novi

422 1781 570 1850 Fluctus.
614 1781 746 1873 Oquid
769 1783 867 1870 egis?
911 1781 1062 1852 Fortiter
1085 1810 1207 1874 occupa

463 1895 610 1963 Portum.
652 1894 772 1963 Nonne
792 1894 897 1976 vides,
919 1902 958 1962 ut

506 2007 641 2076 Nudum
659 2007 799 2094 remigio
821 2008 911 2075 letus

421 2182 468 2248 Et
488 2181 594 2248 melus
618 2180 718 2248 celeri
741 2180 873 2247 saueius
896 2180 1012 2247 Africo

420 2293 674 2382 Antemnseque
694 2297 838 2379 gement,
862 2315 901 2358 ec
924 2293 994 2358 sine
1017 2293 1150 2360 funibus

462 2404 529 2472 Vix
552 2405 672 2472 durare
695 2404 827 2472 osrinee

504 2517 640 2586 Possint
660 2515 871 2606 imperiosius

420 2691 581 2780 Aequor?
624 2689 700 2756 Non
722 2688 786 2756 tibi
808 2695 888 2755 sunt
909 2689 1043 2775 integre
1064 2689 1178 2772 lintea,

421 2803 494 2871 Non
518 2802 568 2885 di,
596 2825 679 2892 quos
708 2801 831 2869 iterum
860 2823 976 2890 presse
997 2824 1096 2871 voees
1124 2804 1219 2871 malo.

463 2916 623 2998 Quemvis
644 2915 786 2982 Pontion
807 2913 913 3001 pinus,

505 3026 619 3095 Silvae
641 3027 712 3093 filie
732 3025 861 3106 nobilis,

419 3202 531 3269 Ieotes
552 3207 587 3268 et
609 3221 714 3286 genus
736 3203 772 3265 et
793 3219 910 3265 nomen
934 3197 1068 3267 inutile:

420 3313 476 3379 Nil
498 3311 599 3402 piotis
619 3311 757 3378 timidus
779 3311 896 3378 navita
918 3312 1082 3400 puppibus

461 3424 563 3493 Fidit
606 3423 666 3504 Tu,
688 3423 753 3491 nisi
773 3423 885 3490 ventis

505 3536 616 3604 Debes
636 3534 824 3616 ludibrium,
847 3557 938 3603 esve.

420 3709 535 3799 Nuper
555 3708 733 3778 sollicitum
757 3729 842 3797 quee
864 3708 946 3774 mihi
967 3708 1126 3789 taedium,

420 3822 516 3890 Nune
538 3820 739 3889 desiderium
762 3842 905 3910 curaque
927 3844 993 3886 non
1015 3819 1109 3903 levis,

462 3934 633 4001 Interiusa
656 3934 803 4000 nitentes

504 4045 602 4114 Vites
624 4067 769 4135 aequore
792 4043 968 4134 Cyclades.

703 4270 907 4281 *na-.—

767 4443 850 4522 XV.

421 4597 542 4666 Pastor
561 4621 634 4665 oum
654 4598 808 4665 traheret
828 4621 889 4686 per
910 4600 999 4666 fretu
1019 4602 1160 4670 navibus

420 4710 530 4778 Ideeis
551 4710 701 4777 Helenen
723 4710 870 4800 perfidus
891 4711 1066 4800 hospitam,

420 4823 558 4911 Ingrato
581 4823 706 4891 celeres
728 4823 840 4891 obruit
862 4824 931 4890 otio

463 4935 598 5018 Ventos,
619 4943 659 5004 ut
680 4941 816 5005 eeneret
837 4934 910 5004 fere
