3567 5700
522 1443 1185 1603 'enenluvn

722 1703 840 1766 LIBER
860 1703 1071 1766 SECVNDVS.

876 1891 906 1963 L

535 1991 677 2100 Motum
699 2052 741 2096 ex
762 2029 902 2098 Metelle
925 2031 1057 2099 consule
1080 2032 1220 2101 civicum

536 2143 688 2232 Bellique
710 2166 826 2212 causas
849 2152 885 2211 et
907 2146 993 2211 vitia
1015 2151 1051 2212 et
1072 2146 1185 2213 modos

577 2254 773 2337 Ludumque
795 2254 965 2322 Fortunae
988 2278 1174 2346 gravesque

621 2365 813 2463 Principum
836 2366 1000 2434 amicitias
1022 2374 1058 2434 et
1078 2391 1171 2435 arma

535 2536 690 2605 Nondum
712 2538 858 2627 expiatis
878 2544 982 2607 uncta
1004 2539 1184 2621 cruoribus,

535 2648 747 2717 Periculosae
769 2650 903 2737 plenum
925 2674 1007 2738 opus
1029 2651 1133 2733 aleae,

578 2760 719 2828 'stactes
741 2767 777 2827 et
798 2761 926 2829 incedis
948 2784 1008 2852 per
1029 2763 1125 2849 ignee

623 2872 819 2963 Suppositcs
842 2874 945 2941 cineri
969 2875 1090 2942 doloso.

535 3045 676 3113 Paulum
698 3067 835 3113 severae
856 3045 954 3114 Musa
975 3031 1175 3133 tragoediae

536 3156 637 3224 Desit
657 3156 819 3225 theatris:
841 3180 918 3225 mox
940 3157 997 3225 ubi
1018 3157 1169 3246 publicas

579 3266 649 3337 Res
671 3266 846 3350 ordinaris,
869 3268 997 3356 grande
1018 3293 1137 3337 munus

624 3378 784 3469 Cecropio
805 3386 941 3469 repetes
963 3386 1110 3462 coturno,

536 3551 673 3639 Insigne
694 3550 833 3620 maestis
853 3551 1056 3641 praesidium
1077 3551 1146 3620 reis

536 3662 585 3731 Et
606 3663 800 3746 consulenti,
822 3662 926 3746 Pelio,
948 3663 1068 3746 euriae,

581 3775 643 3843 cui
664 3776 781 3844 laurus
803 3782 958 3843 aeternos
980 3775 1122 3844 honores

623 3886 812 3953 Delmatico
834 3887 968 3976 peperit
988 3886 1166 3976 triumphe.

538 4058 611 4126 Iam
632 4081 719 4126 nunc
738 4057 860 4125 minaci
881 4081 1047 4126 murmure
1069 4081 1227 4126 cornuum

538 4169 744 4256 Perstringis
766 4192 873 4251 aures,
895 4169 961 4237 iam
982 4170 1060 4237 litui
1082 4176 1245 4259 strepunt,

580 4280 654 4349 Iam
678 4281 791 4367 fulgor
812 4304 979 4349 armorum
997 4283 1134 4368 fugaces

623 4392 745 4461 Terret
766 4415 867 4481 equos
887 4393 1101 4483 equitumque
1123 4394 1243 4461 voltus

538 4563 667 4631 Audire
688 4587 825 4651 magnes
846 4565 913 4631 iam
935 4564 1053 4633 videor
1075 4565 1183 4646 duces,

539 4675 615 4744 Non
634 4675 790 4744 indecoro
811 4676 951 4765 pulvere
971 4676 1133 4758 sordidos

582 4787 629 4855 Et
650 4795 769 4856 cuncte
790 4793 957 4856 terrarum
979 4789 1117 4856 subacta

623 4899 765 4967 Praeter
787 4907 935 4969 atrocem
956 4900 1100 4968 animum
1122 4897 1268 4967 Catenis.
1336 4996 1338 5000 Ι
