3567 5700
794 577 1000 640 CARMINVM

834 864 956 940 XVII.

533 1019 601 1086 Cur
624 1041 675 1085 me
699 1017 856 1107 querella
879 1018 1051 1085 exanimas
1073 1017 1167 1085 tuis?

532 1131 604 1198 Nec
626 1131 678 1197 dis
703 1130 877 1196 amicumst
899 1151 960 1196 nec
980 1129 1062 1196 mihi
1082 1135 1117 1195 te
1139 1129 1232 1218 prius

576 1241 685 1320 0bire,
707 1241 894 1320 Maecenas,
916 1262 1064 1308 mearum

619 1351 754 1420 Grande
777 1353 877 1419 decus
901 1352 1114 1442 columenque
1134 1373 1253 1420 rerum

533 1507 575 1588 A,
595 1514 630 1574 te
652 1529 746 1574 meae
770 1508 799 1573 si
820 1513 952 1595 partam
975 1507 1106 1574 animae
1127 1508 1219 1596 rapit

532 1618 697 1685 Maturior
720 1620 780 1699 vis,
803 1619 883 1708 quid
905 1641 1015 1685 moror
1036 1619 1153 1700 altera,

574 1729 646 1797 Neo
669 1753 765 1797 cerus
787 1751 891 1819 aeque
915 1752 975 1797 nec
996 1737 1167 1819 superstes

616 1841 779 1928 Integer?
823 1841 885 1908 llle
910 1842 983 1908 dies
1003 1848 1179 1931 utramque

530 1996 642 2064 Ducet
662 1997 801 2063 ruinam.
844 1995 921 2063 Non
945 2018 1008 2082 ego
1030 1997 1193 2085 perfidum

531 2109 613 2175 Dixi
636 2113 896 2175 sacramentum:
918 2108 1045 2189 ibimus,
1067 2109 1194 2189 ibimus,

571 2219 759 2309 Vtcumque
780 2220 970 2308 praecedes,
993 2241 1181 2309 supremum

620 2329 764 2420 Carpere
788 2332 854 2397 iter
877 2331 1014 2399 comites
1038 2333 1160 2421 parati
1209 2318 1215 2332 ’

530 2486 584 2553 Me
608 2508 667 2553 neo
689 2484 885 2553 Chimaerae
906 2487 1045 2574 spiritus
1067 2487 1186 2573 igneae

529 2597 609 2678 Nec,
633 2599 661 2664 si
684 2604 847 2684 resurgat,
869 2599 1076 2665 centimanus
1098 2597 1195 2687 Gyas

573 2709 723 2776 Divellet
744 2733 916 2799 umquam:
939 2710 987 2777 sic
1010 2710 1141 2797 potenti

615 2820 773 2889 Iustitiae
798 2821 1025 2912 placitumque
1049 2821 1174 2890 Parcis.

531 2975 598 3043 Seu
618 2975 721 3042 Libra
742 2998 801 3042 seu
822 2998 874 3043 me
897 2975 1052 3065 Scorpios
1074 2978 1195 3066 aspicit

530 3086 777 3155 Formidolosus
797 3111 876 3177 pars
898 3088 1077 3155 violentior

573 3197 708 3267 Natalis
730 3200 833 3266 horae
856 3221 916 3267 seu
938 3207 1103 3288 tyrannus

616 3310 801 3399 Hesperiae
823 3310 1047 3400 Capricornus
1068 3314 1188 3395 undae,

530 3465 716 3555 Vtrumque
738 3473 887 3533 nostrum
910 3467 1099 3534 incredibili
1120 3467 1215 3535 modo

532 3576 709 3645 Consentit
731 3584 865 3646 astrum
910 3578 958 3645 Te
979 3578 1071 3646 Iovis
1092 3580 1184 3669 inpio

574 3688 695 3756 Tutela
718 3688 861 3757 Saturno
884 3690 1055 3776 refulgens

615 3800 753 3890 Eripuit
773 3802 983 3891 voluerisque
1005 3801 1083 3869 Fati

530 3955 696 4023 'l'ardavit
717 3957 796 4037 alas,
818 3980 890 4024 cum
912 3956 1054 4045 populus
1074 3959 1230 4048 frequens

530 4066 675 4136 Laetum
699 4068 844 4134 theatris
867 4074 921 4134 ter
945 4069 1075 4158 crepuit
1098 4093 1230 4155 sonum;

573 4178 628 4245 Me
650 4186 789 4246 truncus
810 4178 962 4267 inlapsus
984 4181 1118 4247 cerebro

617 4289 815 4371 Sustulerat,
839 4292 905 4358 nisi
925 4291 1059 4359 Faunus
1082 4293 1185 4361 ictum

531 4443 662 4511 Dextra
683 4445 838 4526 levasset
860 4444 1109 4514 Mercurialium

532 4553 652 4623 Custos
672 4557 827 4623 virorum.
871 4557 1026 4626 Reddere
1049 4560 1202 4627 victimas

574 4666 767 4757 Aedemque
791 4670 939 4736 votivam
961 4676 1140 4756 memento;

616 4777 687 4846 Nos
710 4780 866 4848 humilem
887 4782 1043 4848 feriemus
1066 4772 1194 4869 agnem.

791 5002 993 5016 Q
