3567 5700
695 619 813 680 LIBER
834 618 883 679 Ill.

371 803 478 893 Atqui
498 803 663 870 sollicitae
686 803 820 868 nuntius
842 803 1004 890 hospitae,
1085 800 1095 820 ⁸

372 914 547 1003 suspirare
572 912 698 981 Chloen
720 921 756 980 et
776 915 932 981 miseram
951 915 1021 981 tuis

413 1027 538 1094 Didone
559 1027 692 1113 ignibus
714 1026 774 1107 uri,

456 1138 615 1227 Temptat
637 1138 727 1204 mille
750 1139 846 1205 vafer
867 1138 981 1205 modis.

373 1292 421 1359 Vt
444 1291 603 1359 Proetum
624 1292 744 1358 mulier
765 1291 893 1380 perlida
915 1292 1085 1358 credulum

371 1403 480 1470 Falsis
502 1404 664 1493 inpulerit
686 1404 877 1470 criminibus
900 1404 997 1470 nimis

414 1513 517 1582 Casto
539 1514 820 1604 Bellerophontae

456 1627 626 1694 Maturare
649 1648 760 1693 necem
783 1627 906 1709 refert;

372 1780 500 1849 Narrat
521 1803 627 1869 paene
651 1781 766 1847 datum
788 1780 890 1848 Pelea
911 1780 1064 1860 Tartaro,

371 1893 582 1979 Magnessam
603 1892 812 1981 Hippolyten
836 1891 915 1958 dum
937 1892 1027 1981 fugit
1049 1892 1236 1976 abstinens3

413 2004 461 2071 Et
482 2027 619 2093 peccare
642 2004 798 2070 docentes

457 2115 576 2182 Fallax
598 2115 756 2183 historias
779 2122 899 2181 movet.

372 2271 529 2338 Frustra:
552 2294 628 2337 nam
650 2270 793 2358 scopulis
817 2269 948 2336 surdior
970 2269 1059 2335 Icari

372 2382 480 2450 Voces
501 2381 596 2448 audit
618 2381 726 2449 adhuc
746 2381 886 2466 integer.
930 2380 980 2446 At
1001 2381 1065 2447 tibi

415 2493 466 2560 Ne
488 2494 618 2560 vicinus
640 2493 789 2582 Enipeus

457 2604 537 2672 Plus
561 2605 649 2672 iusto
672 2606 804 2693 placeat
826 2626 922 2687 care3

374 2759 532 2842 Quamvis
554 2784 619 2826 non
641 2760 726 2826 alins
747 2760 881 2826 flectere
905 2781 1025 2848 equum
1047 2757 1155 2824 sciens

372 2873 489 2962 Aeque
513 2873 715 2961 conspicitur
737 2872 885 2960 gramine
908 2871 1033 2937 Martio

416 2984 486 3051 Nec
509 2984 683 3074 quisquam
704 2984 790 3050 citus
813 3005 917 3072 aeque

458 3094 565 3161 Tusco
588 3094 728 3161 denatat
749 3096 852 3162 alveo.

374 3250 486 3316 Prima
507 3254 604 3316 nocte
626 3249 756 3316 domum
780 3249 897 3317 claude
920 3269 1025 3333 neque
1047 3248 1083 3313 in
1103 3248 1178 3313 vias

373 3361 441 3428 Sub
464 3367 565 3428 cantu
588 3361 745 3450 querulae
769 3361 901 3449 despice
923 3360 1027 3427 tibiae

414 3473 463 3540 Et
483 3479 518 3540 te
543 3495 642 3560 saepe
666 3474 800 3540 vocanti

457 3584 584 3651 Duram
606 3584 752 3650 difficilis
773 3606 877 3650 mane.
921 3617 926 3628 ·

681 3800 884 3809 -—-——-

707 3946 812 4021 VIII.

373 4099 506 4166 Martiis
529 4097 660 4164 caelebs
682 4097 762 4187 quid
785 4120 882 4183 agam
903 4096 1065 4177 kalendis,

374 4209 462 4293 Quid
484 4210 592 4277 velint
614 4209 713 4276 flores
736 4216 772 4275 et
794 4231 911 4276 acerra
933 4207 1019 4274 turis

374 4322 477 4389 Plena
498 4322 631 4389 mIraria
653 4321 844 4410 positusque
868 4321 967 4388 carbo
989 4320 1025 4384 in

416 4434 549 4522 Cespite
570 4432 656 4513 vivo,

375 4597 481 4665 Docto
504 4618 671 4663 sermones
694 4597 867 4684 utriusque
890 4595 1047 4681 linguae?

374 4702 539 4802 Voveram
561 4708 674 4776 dulces
698 4708 811 4797 epulas
834 4714 869 4773 et
892 4707 1003 4772 album

375 4821 495 4888 Libero
518 4844 654 4909 caprum
675 4843 778 4910 prope
799 4819 974 4885 funeratus

415 4932 556 5001 Arboris
578 4933 656 5000 ictu
