3567 5700
792 583 997 644 CARMINVM

482 766 529 834 Te
552 766 636 856 Spes
655 773 691 834 et
713 768 788 835 albo
812 790 891 835 rara
912 767 1014 836 Fides
1036 769 1117 837 colit

481 878 607 946 Velata
628 903 745 967 panno,
768 878 848 945 *nec
872 879 1025 947 comitem
1046 881 1198 969 abnegat,

525 989 713 1080 Vtcumque
736 996 866 1056 mutata
889 996 1045 1078 potentes

568 1101 673 1169 Veste
698 1101 811 1169 domos
833 1101 969 1170 inimica
989 1103 1122 1195 linquis.

481 1256 532 1324 At
553 1253 672 1341 volgus
694 1255 831 1323 infidum
854 1263 890 1323 et
909 1258 1070 1325 meretrix
1091 1265 1183 1327 retro

481 1368 623 1436 Periura
644 1368 742 1449 cedit,
764 1368 942 1454 defugiunt
962 1367 1055 1437 uadis

525 1477 608 1547 (lum
627 1480 721 1547 faece
742 1479 878 1547 siccatis
899 1479 998 1548 amici

567 1590 671 1658 Ferre
693 1591 807 1675 iugum
829 1591 958 1677 pariter
979 1590 1093 1660 dolosi

483 1744 605 1813 Serves
627 1746 752 1812 iturum
775 1742 954 1812 Caesarem
975 1745 1010 1812 in
1035 1746 1170 1815 ultimos

482 1857 581 1924 Orbis
603 1856 783 1924 Britannos
806 1863 842 1924 et
862 1857 1020 1925 iuvenum
1041 1879 1157 1928 recens

522 1967 682 2048 Examen,
704 1969 786 2036 Eois
807 1968 992 2036 timendum

565 2080 723 2147 Partibus
744 2079 943 2168 Oceanoque
964 2082 1073 2148 rubro.

479 2234 583 2314 Eheu,
605 2235 794 2301 cicatricum
817 2239 853 2300 et
875 2234 1011 2302 sceleris
1032 2235 1137 2324 pudet

479 2345 709 2434 Fratrumque.
753 2345 842 2427 Quid
861 2369 922 2413 nos
944 2345 1028 2413 dura
1048 2348 1231 2434 refugimus

523 2455 655 2525 Aetas?
678 2457 758 2546 quid
778 2458 943 2524 intactum
964 2459 1090 2527 nefasti

566 2568 763 2658 Liquimus?
783 2567 872 2636 unde
894 2592 1026 2638 manum
1047 2570 1203 2640 iuventus

478 2723 573 2790 Metu
596 2723 731 2790 deorum
754 2724 942 2790 continuit?
973 2725 1091 2812 quibus

479 2835 636 2924 Pepercit
657 2835 747 2903 aris?
791 2835 819 2902 Ο
842 2835 969 2904 utinam
990 2860 1079 2905 nove

521 2948 646 3016 incude
670 2948 827 3034 diffingas
849 2954 999 3016 retusum
1020 2949 1055 3015 in

566 3058 778 3146 Massagetas
800 3058 999 3149 Arabasque
1021 3060 1161 3128 ferrum!

806 3420 983 3496 XXXVI.

478 3573 527 3641 Et
547 3580 623 3641 ture
646 3579 682 3642 et
703 3574 824 3641 fidibus
846 3574 943 3641 iuvat

522 3685 662 3754 Placere
684 3691 720 3753 ot
739 3685 839 3753 vituli
861 3686 1023 3773 sanguine
1046 3685 1157 3755 debito

481 3796 645 3865 Custodes
668 3796 832 3864 Numidae
855 3795 943 3877 deos

524 3907 590 3990 Qui
612 3931 698 3976 nunc
717 3908 884 3997 Hesperia
906 3930 1022 3998 sospes
1044 3910 1086 3976 ab
1108 3909 1227 3977 ultima

481 4070 578 4139 Curis
600 4071 705 4138 multa
727 4070 906 4153 sodalibus,

522 4182 618 4250 Nulli
640 4182 737 4270 plura
758 4188 872 4250 tamen
894 4182 1017 4250 dividit
1038 4184 1151 4252 oscula

480 4293 588 4376 Quum
610 4293 699 4360 dulci
721 4292 868 4373 Lamiae,
889 4315 1015 4361 memor

523 4406 631 4473 Actae
652 4429 718 4472 non
740 4403 806 4472 alio
829 4426 910 4491 rege
931 4405 1085 4494 puertiae

350 4592 355 4602 ·
479 4569 696 4659 Mutataeque
715 4569 811 4635 simul
833 4575 944 4653 togae.

525 4679 646 4747 Cressa
669 4702 709 4747 ne
732 4685 848 4747 careat
868 4680 1008 4768 pulchra
1030 4680 1102 4748 dies
1123 4688 1212 4761 nota,

397 4833 399 4837 Α
480 4791 556 4862 Neu
577 4798 749 4880 promptae
771 4791 889 4858 modus
911 4792 1091 4881 amphorae

522 4903 598 4973 Neu
619 4925 742 4972 morem
762 4904 797 4971 in
813 4901 941 4973 Salium
956 4903 1003 4971 sit
1023 4904 1154 4994 requies
1175 4902 1307 4992 pedum,
