3567 5700
793 581 998 643 CARMINVM

875 869 920 942 V.

455 1024 538 1106 Quis
559 1024 665 1090 multa
687 1023 823 1109 gracilis
844 1029 880 1090 te
904 1047 987 1112 puer
1008 1025 1043 1090 in
1063 1048 1142 1092 rosa

454 1135 615 1203 Perfusus
635 1135 773 1224 liquidis
796 1142 919 1222 urguet
940 1136 1096 1204 odoribus

498 1246 614 1328 Grato,
637 1246 779 1336 Pyrrha,
802 1249 862 1315 sub
886 1251 1006 1316 antro?

541 1358 604 1426 Cui
624 1361 746 1427 flavam
768 1361 893 1446 religas
915 1384 1048 1440 eomam,

456 1549 605 1638 Simplex
633 1550 830 1617 munditiis?
873 1550 950 1617 Heu
978 1550 1131 1639 quotiens
1159 1551 1258 1617 fidem

455 1662 669 1751 Mutatesque
690 1661 770 1730 deos
790 1662 885 1728 flebit
907 1669 944 1729 et
964 1684 1085 1751 aspera

498 1773 616 1861 Nigris
636 1796 781 1863 aequora
802 1774 914 1842 ventis

541 1885 748 1954 Emirabitur
767 1887 921 1969 insolens,

457 2076 523 2158 Qui
542 2101 628 2144 nune
649 2083 685 2144 te
708 2077 833 2144 fruitur
855 2077 1008 2144 credulus
1032 2100 1143 2158 aurea

460 2188 525 2270 Qui
547 2211 677 2278 semper
695 2213 844 2270 vacuam,
864 2213 995 2278 semper
1016 2190 1190 2257 amabilem

500 2300 630 2389 Sperat,
653 2303 784 2370 nescius
806 2325 908 2369 aurae

543 2413 694 2482 Fallacis.
738 2414 863 2495 Miseri
886 2415 1004 2503 quibus

457 2605 666 2693 Intemptata
688 2604 785 2671 nites.
828 2603 883 2670 Me
906 2605 1022 2671 tabula
1046 2627 1140 2671 sacer

458 2717 585 2784 Votiva
607 2716 719 2805 paries
741 2717 870 2784 indicat
891 2715 994 2783 uvida

501 2828 722 2918 Suspendisse
743 2830 876 2918 potenti

543 2941 755 3009 Vestimenta
776 2942 878 3010 maris
900 2941 970 3008 deo.

868 3378 933 3456 VI.

459 3536 623 3604 Scriberis
644 3535 748 3603 Vario
770 3537 868 3604 fortis
890 3541 927 3604 et
947 3536 1091 3605 hostium

459 3649 586 3728 Victor,
607 3648 753 3716 Maeonii
776 3649 931 3717 carminis
954 3650 1061 3731 †alite,

461 3761 568 3843 Quam
589 3783 660 3828 rem
682 3783 820 3851 eumque
841 3761 937 3828 ferox
956 3762 1095 3828 navibus
1117 3768 1177 3828 aut
1200 3762 1294 3852 equis

502 3873 601 3940 Miles
621 3880 655 3940 te
676 3873 758 3940 duce
781 3873 933 3959 gesserit

461 4063 544 4144 Nos,
565 4062 733 4152 Agrippa,
764 4085 870 4153 neque
899 4063 982 4130 haee
1011 4063 1121 4131 dicere
1141 4085 1202 4131 nee
1224 4085 1363 4150 gravem

460 4174 599 4242 Pelidae
622 4175 826 4242 stomachum
845 4176 963 4242 cedere
986 4176 1089 4242 nescii

460 4286 531 4353 Nee
552 4310 667 4354 cursus
689 4286 832 4376 duplicis
854 4309 916 4377 per
937 4309 1028 4354 mare
1050 4287 1165 4355 Vlixei

501 4398 574 4467 Nec
594 4421 730 4466 saevam
752 4399 885 4490 Pelopis
908 4399 1040 4467 domum

461 4588 637 4670 Conamur,
660 4597 779 4657 tenues
802 4591 955 4676 grandia,
978 4591 1055 4658 dum
1077 4589 1184 4678 pudor

460 4702 662 4791 Inbellisque
685 4704 780 4790 lyrae
802 4702 900 4769 Musa
922 4711 1040 4790 puteus
1061 4708 1157 4770 vetat

461 4814 595 4880 Laudes
618 4815 747 4900 egregii
770 4812 926 4881 Caesaris
947 4820 982 4881 et
1002 4823 1078 4884 tuas

503 4924 610 5016 Culpa
630 4926 783 4994 deterere
805 4927 928 5013 ingeni
