3567 5700
665 569 782 632 LIBER
802 575 850 633 lll.

398 753 471 821 Hac
493 761 566 821 arte
589 754 708 823 Pollux
731 763 766 823 et
788 781 896 844 vagus
918 758 1080 827 Hercules

397 864 521 931 Enisus
538 888 630 932 arces
654 867 773 953 attigit
794 869 927 953 igneas;

441 974 531 1056 Quos
553 976 642 1043 inter
663 976 838 1064 Augustus
860 982 1053 1048 recumbens

482 1086 654 1176 Purpureo
674 1089 768 1156 bibet
790 1113 846 1157 cre
868 1097 993 1159 nectar.

398 1275 470 1343 Hac
490 1282 525 1342 te
548 1283 737 1357 merentem,
759 1277 892 1345 Bacche
914 1286 1020 1367 pater,
1043 1286 1122 1348 tuae

396 1387 527 1455 Venere
550 1387 665 1473 tigres,
688 1388 824 1456 indocili
845 1391 959 1476 iugum

439 1497 533 1565 Collo
555 1499 747 1583 trahentes;
769 1501 832 1568 hac
855 1500 1014 1582 Quirinus

480 1610 601 1678 Martis
624 1612 718 1700 equis
738 1611 932 1681 Acheronta
954 1614 1050 1701 fugit,

396 1797 538 1866 Gratum
560 1800 692 1866 elocuta
714 1800 966 1870 consiliantibus

395 1910 520 1977 Iunone
543 1910 645 1977 divis:
668 1907 777 1992 ‘Ilion
797 1911 883 1978 ilion

438 2020 567 2088 Fatalis
589 2023 801 2112 incautusque
823 2023 924 2090 iudex

480 2131 527 2198 Et
548 2133 666 2199 mulier
688 2135 866 2222 peregrina
889 2137 995 2202 vertit

395 2335 447 2423 [In
468 2338 646 2426 pidverem,
670 2361 710 2405 ex
734 2363 797 2429 quo
820 2340 979 2408 destituit
1002 2341 1080 2410 deos

394 2448 547 2516 Mercede
569 2456 670 2537 pacta
692 2450 891 2532 Laomedon,
917 2452 999 2518 mihi

437 2559 626 2650 (laetaeque
649 2562 841 2628 damnatum
864 2563 1036 2630 Minervae

480 2671 562 2738 Cum
583 2673 705 2760 poprdo
728 2680 762 2740 ct
783 2674 866 2741 duce
890 2674 1123 2760 fraudulento}

392 2880 462 2947 Iam
485 2901 545 2946 nec
566 2879 739 2945 Lacaenae
763 2879 918 2967 splendet
940 2879 1114 2946 adulterae

393 2990 554 3058 Famosus
575 2990 697 3077 hospes
720 3012 780 3057 nec
802 2989 927 3056 Priami
949 2990 1063 3057 domus

435 3102 575 3169 Periura
597 3124 766 3190 pugnaces
789 3102 937 3168 Achivos

476 3213 654 3282 Hectoreis
677 3214 794 3303 opibus
813 3213 980 3299 refringit

391 3419 588 3509 Nostrisque
612 3418 746 3486 ductum
769 3418 989 3486 seditionibus

391 3531 521 3598 Bellum
542 3529 677 3598 resedit.
721 3530 879 3596 Protinus
902 3535 937 3595 et
959 3552 1081 3615 graves

433 3643 506 3709 lras
529 3647 564 3709 et
586 3643 731 3709 invisum
752 3648 916 3730 nepotem,

475 3752 595 3820 Troica
617 3775 715 3842 quem
737 3754 870 3843 peperit
892 3752 1055 3833 sacerdos,

391 3959 493 4025 Marti
514 3957 699 4041 redonabo;
721 3958 814 4024 illum
834 3980 896 4043 ego
918 3958 1047 4025 lucidas

392 4071 480 4138 Inire
503 4069 607 4151 sedes,
630 4069 749 4136 ducere
772 4069 919 4136 nectaris

433 4180 536 4248 Sucos
558 4187 593 4247 et
615 4181 759 4248 adscribi
782 4180 905 4269 quietis

475 4292 654 4359 Ordinibus
674 4292 786 4379 patiar
809 4290 952 4358 deorum.

390 4498 477 4564 Dum
498 4497 618 4582 longus
640 4496 730 4562 inter
752 4495 901 4562 †saeviat
922 4495 1009 4561 Ilion

390 4610 592 4697 Romamque
615 4614 745 4695 pontus,
771 4606 922 4695 qualibet
944 4606 1075 4672 exsules

431 4721 472 4787 In
492 4726 589 4808 parte
611 4724 775 4804 regnanto
796 4718 905 4800 beati;

475 4832 579 4897 *Dum
602 4831 727 4899 Priami
750 4830 948 4918 Paridisque
970 4829 1067 4893 busto
