3567 5700
831 586 949 648 LIBER
971 587 991 646 l.

498 771 589 839 Haec
609 770 733 838 bellum
755 771 972 851 lacrimosum,
994 771 1047 837 hic
1069 771 1222 838 miseram
1242 771 1364 851 tamem

498 885 692 973 Pestemque
712 906 734 950 a
754 883 876 972 populo
900 890 935 949 et
954 882 1103 971 principe
1127 880 1270 948 Caesare
1293 881 1327 946 in

541 996 659 1062 Persas
680 1001 780 1084 atque
802 995 983 1062 Britannos

580 1107 705 1175 Vestra
726 1113 836 1174 motus
857 1113 939 1193 agot
959 1129 1068 1195 prece.

849 1485 975 1561 XXII.

498 1639 634 1728 Integer
655 1640 746 1708 vitae
768 1640 969 1729 scelerisque
990 1662 1092 1729 purus

499 1752 572 1819 Non
594 1757 673 1840 eget
690 1751 818 1819 Mauris
839 1751 957 1818 iaculis
979 1773 1084 1842 neque
1107 1775 1186 1817 arcu

499 1864 568 1931 Nec
590 1864 763 1931 venenatis
786 1863 928 1951 gravida
949 1863 1093 1950 sagittis,

539 1976 654 2057 Fusae
675 1976 842 2065 pharetra,

500 2165 577 2233 Sive
599 2187 660 2254 per
682 2164 802 2254 Syrtes
825 2165 892 2232 iter
913 2171 1085 2243 aestuosas

500 2277 576 2346 Sive
600 2279 751 2345 facturus
772 2299 833 2365 per
855 2277 1089 2366 inhospitalem

501 2388 682 2456 Caucasum
703 2388 759 2456 vel
781 2410 864 2478 quae
885 2388 959 2455 loca
979 2389 1148 2456 fabulosus

541 2500 676 2568 Lambit
697 2499 887 2588 Hydaspes.

500 2690 646 2777 Namque
667 2709 719 2756 me
743 2687 829 2756 silva
850 2688 948 2777 lupus
970 2689 1004 2755 in
1027 2688 1159 2770 Sabina,

500 2801 587 2867 Dum
607 2823 713 2868 meam
736 2806 831 2868 canto
854 2799 1004 2888 Lalagen
1027 2809 1062 2869 et
1083 2803 1175 2869 ultra

500 2913 688 2981 'ferminum
712 2913 799 2980 curis
820 2935 928 2999 vagor
950 2913 1123 3002 expeditis,

543 3024 649 3113 Fugit
671 3025 845 3106 inermem

501 3212 607 3297 Quale
629 3219 822 3303 portentum
843 3235 950 3303 neque
969 3213 1125 3282 militaria

499 3326 650 3395 Daunias
671 3325 752 3394 latis
775 3325 837 3393 alit
858 3328 1037 3395 aesculetis

500 3436 571 3507 Nec
592 3438 696 3506 Iubae
717 3438 819 3506 tellus
840 3445 989 3525 generat
1010 3439 1142 3507 leonum

542 3550 651 3618 Arida
672 3551 795 3619 nutrix.

501 3737 591 3808 Pone
613 3762 666 3807 me
687 3740 795 3829 pigris
816 3740 874 3808 ubi
896 3741 989 3808 nulla
1010 3742 1135 3831 campis

501 3853 613 3920 Arbor
632 3852 762 3920 aestiva
785 3858 957 3920 recreatur
979 3875 1069 3933 aura

502 3963 598 4046 Quod
620 3964 711 4032 latus
733 3963 847 4031 mundi
868 3964 1008 4031 nebulus
1032 3965 1202 4055 malusque

542 4075 696 4165 Iuppiter
716 4081 857 4162 urguet3

502 4262 592 4332 Pone
613 4265 673 4333 sub
696 4286 795 4331 curru
816 4263 954 4331 nimium
974 4264 1150 4354 propinqui

502 4373 589 4442 Solis
610 4375 645 4441 iu
667 4382 760 4442 terra
781 4374 932 4442 domibus
954 4382 1094 4462 negata:

503 4486 610 4554 Dulce
631 4485 795 4553 ridentem
818 4485 969 4573 Lalagen
991 4489 1116 4570 amabo,

545 4598 652 4667 Dulce
671 4598 867 4687 loquentem.
