3567 5700
799 588 918 653 LIBER
938 590 1003 652 1111.

845 791 948 868 VIII.

506 920 680 998 Donarem*
695 935 830 1018 pateras
850 937 1012 1021 grataque
1033 932 1228 1013 commodus,

508 1041 696 1123 Censorino,
718 1043 800 1110 meis
821 1064 902 1110 aera
922 1043 1099 1124 sodalibus,

505 1152 674 1222 Donarem
695 1153 854 1243 tripodas,
876 1155 1026 1238 praemia
1047 1156 1184 1223 fortium

508 1263 693 1347 Graiorum,
715 1288 822 1357 neque
844 1272 884 1333 tu
906 1267 1051 1356 pessima
1074 1290 1244 1336 munerum

504 1420 626 1489 Ferres
649 1421 753 1489 divite
776 1444 827 1489 me
850 1422 979 1490 scilieet
1003 1422 1135 1504 artium,

506 1531 598 1615 Quas
620 1539 681 1602 aut
701 1526 902 1602 Pairhesius
923 1535 1066 1623 protulit
1088 1541 1149 1602 aut
1170 1533 1304 1625 Scopas,

503 1644 568 1712 Hie
588 1669 677 1727 saxo,
698 1645 834 1736 liquidis
856 1645 915 1713 ille
937 1647 1101 1715 coloribus

504 1755 629 1826 Sollers
651 1781 738 1826 nune
759 1757 924 1826 hominem
945 1781 1076 1847 ponere,
1098 1782 1185 1827 nune
1203 1759 1309 1828 deum.

503 1911 570 1979 Sed
592 1935 657 1980 non
676 1913 760 1980 haee
779 1913 861 1980 mihi
880 1913 934 1981 vis
956 1935 1017 1980 nee
1038 1912 1101 1980 tibi
1123 1914 1241 1982 talium

503 2023 572 2091 Res
594 2032 647 2091 est
668 2031 729 2092 aut
751 2025 880 2093 animus
900 2025 1093 2094 deliciarum
1116 2048 1227 2112 egens.

504 2135 639 2204 Gaudes
662 2136 874 2223 carminibus3
897 2138 1044 2206 ear'mina
1065 2161 1239 2227 possumus

502 2247 637 2316 Denare
661 2256 697 2316 et
718 2250 863 2339 pretium
885 2249 996 2318 dicere
1016 2252 1152 2318 muneri

502 2401 578 2470 Non
600 2404 706 2473 ineisa
727 2406 817 2472 uotis
838 2427 1004 2473 marmora
1024 2405 1174 2493 publicis,

501 2515 567 2583 Per
590 2538 676 2606 quae
698 2516 837 2606 spiritus
859 2521 894 2583 et
916 2516 990 2584 vita
1010 2516 1100 2583 redit
1120 2517 1216 2584 bonis

501 2628 583 2696 Post
604 2634 744 2696 mortem
766 2627 912 2708 ducibus,
937 2625 1013 2714 [non
1035 2628 1161 2695 celeres
1183 2629 1283 2716 fugae

501 2739 726 2832 Reieetaeque
747 2746 931 2808 retrorsum
952 2739 1148 2808 Hannibalis
1169 2741 1285 2823 minae,

501 2851 576 2921 Non
598 2852 752 2922 incendia
772 2852 997 2942 Karthaginis
1017 2852 1129 2943 inpiae

501 2965 591 3047 llius,
614 2966 670 3056 qui
693 2965 819 3034 domita
840 2988 959 3033 nomen
982 2966 1024 3032 ab
1047 2964 1165 3033 Africa

501 3077 667 3145 Lucratus
687 3074 810 3164 rediit]
833 3077 957 3145 elarius
978 3077 1129 3146 indicant

500 3189 634 3260 Laudes
654 3213 751 3280 quam
772 3189 936 3258 Calabrae
957 3188 1109 3257 Pierides
1131 3212 1247 3280 neque,

500 3344 536 3413 Si
558 3346 694 3414 chartae
715 3346 838 3415 sileant
859 3345 946 3435 quod
967 3346 1051 3412 bene
1073 3345 1200 3426 feceris,

499 3457 687 3527 Mercedem
705 3458 833 3525 tuleris.
878 3455 967 3539 Quid
988 3457 1076 3524 foret
1096 3457 1181 3525 Iliae

498 3570 728 3660 Mavortisque
749 3592 841 3659 puer,
863 3570 894 3637 si
914 3569 1131 3637 taciturnitas

499 3681 660 3749 Obstaret
681 3681 810 3749 meritis
830 3681 948 3749 invida
970 3681 1128 3749 Romuli?

497 3836 660 3925 Ereptum
682 3835 813 3926 Stygiis
835 3837 991 3904 fluetibus
1013 3835 1161 3904 Aeaeum

497 3948 615 4017 Virtus
639 3955 675 4015 et
695 3949 791 4016 favor
813 3955 849 4015 et
869 3948 987 4037 lingua
1009 3949 1195 4038 potentium

496 4061 621 4129 Vatum
643 4061 804 4130 divitibus
827 4067 998 4129 consecrat
1018 4061 1144 4129 insulis.

498 4173 645 4260 Dignum
665 4173 762 4241 laude
785 4173 891 4240 virum
912 4172 1010 4241 Musa
1031 4178 1130 4242 vetat
1150 4174 1242 4241 mori.

498 4328 599 4397 Caelo
620 4328 718 4397 Musa
738 4331 823 4396 beat.
868 4327 924 4396 Sia
943 4328 1034 4396 Iovis
1056 4329 1200 4396 interest

499 4440 632 4531 Optatis
654 4441 761 4531 epulis
782 4440 915 4529 inpiger
938 4440 1110 4522 Hercules,

499 4553 651 4622 telarum
672 4553 887 4643 'lyndaridae
910 4552 1002 4620 sidus
1026 4554 1068 4620 ab
1091 4553 1214 4621 infimis

498 4664 665 4748 teuassas
687 4665 834 4755 eripiunt
856 4665 1055 4755 aequoribus
1075 4672 1177 4747 rates,

498 4775 656 4864 [Ornatus
677 4776 780 4845 viridi
800 4783 951 4867 tempora
971 4776 1138 4867 pampino]

496 4890 597 4958 Liber
616 4897 697 4959 vota
718 4892 821 4958 bonos
840 4889 936 4958 ducit
957 4889 1002 4957 ad
1025 4890 1143 4958 exitus
