3567 5700
787 600 905 670 Lmen
924 601 990 670 ΙΙΠ

416 786 555 878 Inpune,
575 788 673 874 Lolli,
695 812 830 882 carpere
852 791 974 862 lividas

417 899 618 972 Oblivionea
661 902 727 973 Est
748 904 877 974 animus
898 905 962 974 tibi

459 1013 649 1106 Rerumque
670 1017 817 1107 prudens
839 1023 876 1085 et
897 1018 1050 1088 secundis

502 1124 719 1218 Temporibus
741 1129 916 1221 dubiisque
938 1137 1058 1211 rectus,

416 1316 549 1387 Vindex
570 1341 692 1388 avarae
714 1318 844 1388 fraudis
866 1325 903 1387 et
923 1320 1095 1388 abstinens

416 1429 580 1500 Ducentis
601 1431 646 1500 ad
667 1452 703 1500 se
726 1437 847 1501 cuncta
868 1433 1028 1521 pecuniae

458 1541 646 1634 consulque
665 1566 732 1611 non
752 1544 852 1613 unius
874 1545 960 1625 unni,

499 1653 567 1724 Sed
588 1655 743 1748 quotiens
764 1657 869 1726 bonus
895 1663 997 1748 atque
1020 1656 1106 1726 fidus

415 1843 520 1914 Iudex
542 1845 716 1915 honestum
738 1847 903 1936 praetulit
923 1847 1009 1929 utili,

415 1955 547 2025 Reiecit
568 1958 640 2026 alto
662 1957 749 2027 dona
770 1959 961 2028 nocentium

456 2068 569 2149 Voltu,
589 2092 651 2160 per
672 2071 846 2140 obstantes
868 2078 1024 2141 catervas

497 2181 673 2272 Explicuit
693 2207 755 2252 sua
774 2184 883 2253 victor
906 2207 1008 2253 arma

412 2371 487 2439 Non
507 2372 734 2462 possidentem
755 2373 862 2442 multa
882 2373 1057 2443 vocaveris

412 2483 519 2553 Recte
539 2485 690 2569 beatum;
710 2485 836 2554 rectius
858 2492 1000 2576 occupat

453 2595 584 2666 Nomen
605 2597 705 2681 beati,
731 2596 787 2688 qui
810 2596 946 2666 deorum

495 2708 690 2779 Muneribus
711 2709 883 2800 sapienter
905 2710 957 2778 uti

410 2898 602 2991 Duramque
623 2900 725 2969 callet
742 2901 938 2992 pauperiem
958 2901 1032 2990 pati

411 3011 576 3103 Peiusque
597 3013 666 3082 leto
689 3014 855 3101 flagitium
877 3012 984 3094 timet

451 3123 529 3194 Non
549 3124 608 3193 ille
629 3125 798 3215 proceris
823 3124 937 3193 amicis

494 3236 568 3305 Aut
585 3236 698 3327 patris
717 3236 855 3307 timidus
875 3236 995 3327 perire.

781 3650 828 3728 K

409 3804 602 3874 Oorudelis
622 3803 730 3874 adbuc
749 3810 786 3873 et
806 3802 949 3873 Veneris
970 3802 1159 3872 munenbus
1179 3809 1307 3894 petens,

408 3919 586 4011 Insperata
606 3923 686 3987 tuae
708 3940 782 3985 cum
802 3916 917 3984 veniet
937 3937 1046 4006 poena
1066 3916 1241 4006 superbiae

407 4031 454 4099 Et
474 4053 560 4123 quae
581 4055 669 4100 nunc
689 4030 813 4098 umeris
833 4028 1014 4096 involitant
1036 4028 1222 4097 deciderint
1243 4052 1363 4112 comae,

408 4142 505 4212 Nunc
527 4150 563 4213 et
583 4143 640 4235 qui
663 4142 752 4211 color
773 4146 825 4210 est
846 4140 1007 4231 puniceae
1028 4140 1109 4208 flore
1131 4140 1224 4229 prior
1244 4163 1341 4209 rosae

408 4333 567 4416 Mutatus,
588 4331 760 4420 Ligurine,
781 4331 818 4398 in
838 4329 957 4399 faciem
978 4320 1122 4400 verterit
1141 4330 1315 4421 hispidam,

407 4446 508 4515 Dices
530 4440 627 4526 ‘beu’
655 4444 809 4535 quotiens
830 4448 866 4511 te
888 4442 1022 4533 speculo
1044 4442 1170 4512 videris
1191 4443 1343 4526 alterum,

408 4554 514 4643 ‘Quae
535 4578 629 4625 mens
651 4563 705 4625 est
722 4555 830 4639 bodie,
853 4579 912 4624 our
934 4554 1049 4624 eedem
1070 4578 1136 4623 non
1155 4577 1258 4646 puero
1280 4556 1355 4638 fuit

409 4667 471 4739 Vol
493 4693 552 4738 cur
573 4670 628 4740 bis
652 4669 772 4739 animis
793 4668 974 4753 incolumes
995 4691 1061 4735 non
1081 4666 1223 4736 redeunt
1245 4663 1386 4756 genae?'
