3567 5700
818 603 975 672 aPoooN

473 794 602 884 Inpube
624 817 749 882 corpus,
772 795 868 883 quale
888 800 1005 882 posset
1029 795 1122 883 inpia

516 905 649 972 Mollirc
671 905 836 972 Thracum
859 912 1012 993 pectora:

475 1016 624 1098 Canidia,
647 1017 803 1084 brevibus
825 1018 989 1106 inplicata
1011 1019 1137 1107 viperis

518 1127 636 1196 Crines
659 1136 694 1195 et
716 1129 919 1218 incomptum
941 1136 1049 1218 caput

474 1242 573 1308 Iubet
594 1241 757 1329 sepulcris
779 1242 952 1329 caprificos
972 1251 1095 1322 emtas,

516 1353 616 1420 Iubet
639 1375 812 1441 cupressos
834 1353 991 1421 funebres

475 1465 522 1532 Et
542 1472 644 1532 uncta
664 1465 773 1553 turpis
795 1487 859 1532 ova
880 1488 983 1533 ranae
1007 1466 1168 1552 sanguine

517 1577 732 1667 Plumamque
755 1584 936 1644 nocturnae
959 1578 1076 1663 strigis

475 1689 678 1779 Herbasque,
701 1712 783 1778 quas
805 1689 914 1756 Iolcos
935 1696 1037 1778 atquc
1058 1690 1200 1757 Hiberia

517 1800 629 1867 Mittit
650 1822 852 1867 venenorum
874 1801 978 1882 ferax,

475 1912 522 1978 Et
544 1935 621 1980 ossa
642 1913 683 1979 ab
706 1934 762 1979 ore
787 1918 888 2000 rapta
909 1912 1042 1980 ieiunae
1065 1914 1157 1980 canis

516 2023 676 2091 Flammis
699 2024 796 2091 aduri
819 2023 992 2092 Colchicis.

473 2135 524 2203 At
546 2136 705 2225 expedita
727 2134 869 2223 Sagana,
891 2158 952 2225 per
974 2144 1081 2204 totam
1103 2137 1234 2204 domum

517 2246 687 2335 Spargere
709 2248 892 2315 Avernales
915 2271 1025 2337 aquas,

474 2358 601 2425 Horret
620 2360 749 2448 capillis
771 2366 810 2426 ut
832 2361 980 2427 marinus
1001 2361 1129 2449 asperis

517 2470 665 2538 Echinus
687 2478 746 2538 aut
768 2470 920 2539 Laurens
943 2494 1032 2560 aper.

474 2583 608 2649 Abacta
629 2583 723 2650 nulle
745 2583 831 2651 Veia
853 2584 1056 2652 conscientia

518 2694 703 2781 Ligonibus
726 2695 818 2763 duris
839 2696 974 2762 humum

474 2805 714 2887 Exhauriebat‚
736 2806 909 2894 ingemens
928 2808 1107 2890 laboribus,

517 2918 590 2999 Quo
612 2925 728 3007 posset
749 2920 895 2988 infossus
917 2941 1000 3009 puer

474 3029 601 3117 Longo'
614 3031 669 3098 dia
691 3032 742 3099 bis
760 3039 878 3120 terque
901 3037 1049 3100 mutatae
1075 3032 1171 3121 dapis

517 3142 679 3210 †Inemori
701 3145 901 3231 spectaculo,

476 3252 559 3320 Cum
581 3255 784 3343 promineret
806 3278 871 3337 ore,
894 3263 1053 3345 quantum
1076 3262 1212 3323 exstant
1231 3280 1317 3347 aqua

518 3363 685 3454 Suspenso
707 3376 818 3435 mento
840 3391 985 3457 corpora,

475 3476 640 3545 *exsecta
660 3478 713 3545 uti
734 3480 880 3546 medulla
902 3486 938 3546 et
959 3480 1088 3547 aridum
1111 3480 1202 3547 iecur

517 3588 652 3657 Amoris
672 3597 762 3692 esset
783 3592 945 3678 poculum,

475 3701 696 3768 Interminato
720 3725 794 3769 cum
816 3702 920 3770 semel
946 3703 1034 3770 fixac
1057 3704 1129 3770 cibo

517 3813 748 3882 Intabuisaent
769 3816 923 3903 pupulas.

474 3924 550 3992 Non
573 3926 718 3994 debuisse
740 3927 907 3993 masculae
929 3927 1078 3994 libidinis

517 4038 751 4106 Arminensem
771 4037 902 4106 Foliam

474 4149 522 4215 Et
543 4150 653 4218 otiosa
676 4149 821 4217 credidit
841 4149 1003 4238 Neapolis

519 4260 566 4327 Et
588 4284 683 4329 omne
705 4262 851 4329 vicinum
874 4262 1045 4351 oppidum;

477 4372 571 4454 Quae
593 4372 706 4441 sidera
728 4380 911 4440 excantata
931 4395 1013 4440 voce
1035 4372 1196 4441 Thessala

518 4484 711 4574 Lunamque
735 4486 827 4553 caelo
851 4485 983 4573 deripit

476 4595 542 4662 Hic
563 4596 765 4663 inresectum
787 4619 888 4664 saeva
911 4597 1011 4664 dente
1033 4595 1137 4662 livido

520 4706 663 4774 Canidia
684 4709 805 4775 rodens
826 4709 980 4797 pollicem

478 4817 567 4900 Quid
590 4819 678 4887 dixit
700 4826 760 4888 aut
783 4820 863 4911 quid
883 4821 1016 4889 tacuit?
1054 4818 1096 4886 ‘0
1118 4821 1217 4889 rebus
1240 4820 1320 4888 meis

518 4930 593 4999 Non
617 4932 768 5000 infideles
790 4933 949 5014 urbicae,
