3567 5700
493 787 567 856 Neu
588 786 701 855 demut
720 788 827 878 epulis
848 809 946 856 rosae

534 897 608 966 Neu
630 898 734 967 vivax
753 898 865 989 apium
886 921 952 967 neu
972 900 1075 967 breve
1097 899 1218 984 lilium;

493 1009 562 1079 Nee
584 1011 682 1079 multi
703 1011 854 1078 Damalis
875 1012 959 1078 meri

534 1122 674 1191 Bassum
695 1123 851 1190 'l'breioia
871 1123 987 1190 vineat
1009 1122 1185 1212 amystide.

493 1285 612 1353 Omnes
632 1287 668 1352 in
691 1286 849 1354 Damalin
870 1293 987 1376 putres

534 1397 712 1485 Deponent
732 1398 854 1479 oeulos
874 1420 937 1466 nee
959 1398 1110 1466 Damalis
1132 1419 1217 1464 novo

491 1508 682 1577 Divelletur
702 1509 865 1593 adultero,

532 1620 687 1690 Lascivis
706 1620 840 1689 hederis
859 1622 1074 1690 ambitiosior.

806 1982 1002 2060 xxxvlu

491 2134 587 2204 Nune
609 2143 663 2204 est
683 2136 869 2219 bibendum,
892 2161 978 2205 nuno
1000 2137 1085 2226 pede
1106 2138 1211 2205 libero

490 2247 661 2315 Pulsanda
681 2248 792 2329 tellus,
815 2272 902 2316 nuno
924 2247 1111 2316 Saliaribus

533 2358 662 2427 Omare
684 2359 839 2448 pulvinar
862 2360 998 2428 deorum

576 2471 719 2560 Tempus
741 2477 817 2539 erat
839 2472 989 2560 dapibus,
1010 2471 1150 2540 sodales.

489 2625 624 2695 Antbae
645 2627 740 2695 nefas
763 2626 957 2716 depromere
979 2626 1167 2696 Caecubum

491 2735 594 2805 Callis
615 2737 726 2821 avitis,
749 2739 827 2808 dum
849 2737 1017 2830 Capitolio

533 2850 666 2939 Regina
688 2851 859 2922 dementes
879 2853 1003 2935 ruinas,

575 2961 690 3033 Fumus
712 2969 748 3031 et
769 2964 908 3054 imperio
930 2966 1075 3054 perabat

492 3114 725 3186 Contaminata
747 3142 820 3187 oum
842 3141 946 3207 grege
969 3119 1116 3208 turpium

490 3229 606 3297 Morbo
629 3230 785 3312 virorum,
808 3231 973 3320 quidlibet
993 3232 1148 3321 inpotens

532 3340 675 3431 Sperare
700 3342 901 3433 fortunaque
923 3343 1013 3411 dulei

573 3453 685 3522 Ebria
729 3452 797 3521 Sed
817 3453 939 3522 minuit
957 3454 1104 3523 furorem

489 3606 556 3676 Vix
576 3630 644 3675 una
665 3629 779 3696 sospes
801 3608 898 3677 navis
921 3610 963 3676 ab
984 3609 1126 3696 ignibus,

488 3718 699 3808 Montemque
721 3719 948 3808 llymphatam
969 3720 1152 3788 Mareotico

531 3830 680 3919 Redegit
701 3831 737 3897 in
758 3854 857 3900 veros
878 3832 1016 3900 timores

574 3940 711 4024 Caesar,
733 3944 774 4010 ab
797 3943 901 4012 Italia
922 3944 1089 4012 volantem

488 4093 603 4164 Remis
625 4097 824 4183 adurguens,
847 4097 1009 4187 aooipiter
1028 4098 1122 4166 velut

488 4207 607 4276 Molles
629 4209 798 4276 columbas
820 4215 879 4276 aut
898 4210 1050 4298 leporem
1072 4211 1158 4278 eitus

530 4320 684 4388 Venator
707 4321 743 4388 in
765 4321 891 4411 eampis
913 4321 1034 4389 nivalis

573 4431 788 4514 Haemoniae,
811 4432 910 4501 deret
929 4438 969 4500 ut
990 4435 1119 4502 eatenis

488 4585 605 4654 Fatale
627 4594 817 4655 monstrum.
862 4585 958 4668 Quae
980 4590 1173 4675 generosius

488 4695 605 4765 Perire
628 4720 790 4788 quaerens
812 4721 874 4767 neo
896 4699 1103 4768 muliebriter

531 4808 683 4900 Expavit
705 4831 816 4878 ensem
837 4834 899 4879 neo
921 4813 1067 4880 latentes

576 4920 691 4990 Classe
714 4922 783 4990 eita
804 4924 997 5013 *reparavit
1019 4948 1104 4994 oras
