3567 5700
810 568 966 631 llPODON

438 757 557 845 Opima
578 756 695 845 quodsi
716 754 843 844 praeda
865 778 965 822 curvo
988 755 1087 822 litore

484 867 644 935 Porreota
665 889 796 952 mergos
816 867 950 946 iuveris,

439 979 651 1047 Libidinosus
672 977 898 1044 immolabitur
918 1000 1017 1066 caper

480 1091 528 1159 Et
550 1115 639 1177 agna
659 1089 937 1179 Tempestatibus.

859 1433 926 1509 XI.

440 1590 542 1672 Petti,
563 1590 647 1656 nihil
668 1611 720 1656 me
743 1590 830 1658 sicut
851 1594 952 1655 antea
973 1589 1069 1655 iuvat
1139 1620 1143 1628 ,

483 1701 635 1769 Scribere
656 1701 837 1769 versiculos
859 1722 970 1767 amore
992 1722 1183 1789 percussum
1204 1703 1312 1788 gravi,

440 1814 572 1895 Amore,
595 1814 652 1904 qui
673 1835 725 1880 me
747 1818 882 1902 praeter
905 1835 1016 1880 omnes
1039 1813 1168 1901 expetit

482 1925 638 1993 Mollibus
661 1926 696 1991 in
718 1925 831 2014 pueris
852 1925 968 1992 autin
989 1924 1110 2013 puellis
1131 1947 1238 1993 urere.

438 2038 504 2106 Hie
525 2038 649 2105 tertius
670 2037 861 2119 December,
883 2058 926 2104 ex
949 2059 1012 2126 quo
1035 2036 1153 2104 destiti

483 2149 620 2218 Inachia
641 2148 761 2230 furere,
782 2148 876 2217 silvis
898 2149 1056 2216 honorem
1076 2148 1213 2217 decutit.

441 2264 518 2331 Heu
537 2285 597 2342 me,
619 2283 679 2352 per
700 2262 823 2343 urbem,
844 2284 921 2328 nam
941 2260 1047 2349 pudet
1067 2262 1156 2329 tanti
1177 2262 1265 2344 mali,

483 2374 612 2442 Fabula
634 2379 757 2464 quanta
778 2373 835 2455 foi
858 2373 1083 2442 conviviorum
1104 2379 1144 2441 ut
1167 2376 1329 2463 paenitet,

441 2487 482 2555 ln
504 2488 577 2578 quis
599 2491 763 2554 amantem
783 2486 924 2573 languor
945 2491 981 2553 et
1002 2485 1172 2553 silentium

482 2598 609 2687 Argait
632 2605 667 2666 et
687 2598 793 2666 latere
815 2597 943 2686 petitus
964 2598 1029 2665 imo
1054 2598 1200 2687 spiritus.

440 2709 622 2780 ‘Contrane
643 2711 770 2778 luorum
791 2710 840 2777 nil
861 2710 975 2778 valere
998 2710 1172 2778 candidum

483 2824 645 2915 Pauperis
666 2819 862 2912 ingeniuml'
895 2824 1057 2914 querebar
1083 2823 1263 2913 adplorans
1284 2826 1357 2908 tibi,

441 2938 547 3006 Simul
568 2936 709 3006 calentis
731 2937 975 3005 inverecundus
997 2937 1079 3005 deus

483 3049 680 3118 Fervidiore
699 3072 789 3117 mero
809 3072 932 3117 aroana
952 3054 1123 3137 promorat
1143 3050 1224 3118 loco.

442 3160 584 3245 ‘Quodsi
606 3162 689 3230 meis
709 3161 879 3229 inaestuet
899 3161 1104 3250 praecordiis

483 3274 609 3342 Libera
625 3273 711 3355 bilis,
733 3279 772 3341 ut
792 3273 875 3341 haee
895 3274 1031 3361 ingrata
1050 3273 1162 3341 ventis
1181 3273 1315 3341 dividat

441 3387 612 3469 Fomenta,
634 3387 753 3454 volnus
774 3386 822 3453 nil
844 3386 968 3453 malum
988 3385 1145 3468 levantia,

482 3500 625 3567 Desinet
643 3498 814 3588 inparibus
837 3503 967 3566 certare
989 3499 1159 3566 submotus
1181 3494 1311 3588 pudor.’

442 3611 509 3680 Vbi
529 3612 612 3680 haec
634 3632 771 3678 severus
792 3616 827 3677 te
854 3610 965 3698 palam
988 3610 1210 3691 laudaveram,

484 3724 600 3791 Iussus
622 3723 715 3790 abire
738 3722 869 3790 domum
888 3723 1022 3789 ferebar
1042 3722 1170 3789 incerto
1192 3722 1278 3810 pede

443 3834 500 3902 Ad
522 3858 587 3903 non
610 3835 731 3903 amicos
751 3834 819 3901 heu
839 3834 921 3901 mihi
942 3840 1056 3923 postes
1079 3839 1114 3901 et
1137 3834 1204 3901 heu

485 3947 618 4015 Limina
641 3946 732 4029 dura,
755 3946 873 4036 quibus
895 3947 1023 4013 lumbos
1046 3952 1081 4014 et
1102 3946 1226 4033 infregi
1245 3946 1346 4014 latus.

785 4101 1007 4139 *²0¹*

442 4223 539 4291 Nunc
560 4222 736 4310 gloriantis
758 4221 939 4312 quamlibet
960 4221 1186 4290 mulierculam

486 4334 630 4403 Vincere
651 4335 792 4403 mollitie
815 4358 907 4403 amor
928 4334 1065 4423 Lycisci
1086 4356 1138 4401 me
1160 4339 1272 4417 tenet;

440 4447 538 4515 Vnde
561 4448 718 4536 expedire
739 4471 804 4515 non
826 4446 1005 4514 amicorum
1028 4451 1153 4536 queant

485 4560 609 4627 Libera
631 4560 767 4627 consilia
789 4581 849 4626 nec
871 4547 1091 4626 contumeliae
1113 4580 1244 4645 graves,

443 4670 510 4738 Sed
531 4670 629 4739 ardor
651 4670 736 4738 alius
758 4675 816 4737 aut
837 4671 969 4759 puellae
992 4670 1151 4737 candidae

489 4781 563 4852 Aut
583 4782 703 4850 teretis
726 4782 829 4871 pueri,
854 4782 986 4868 longam
1008 4782 1201 4851 renodantis
1223 4804 1358 4851 comam.
