3567 5700
628 1390 667 1476 o
689 1391 866 1461 nonam
887 1387 1055 1457 soloci

523 1561 1152 1721 planisio

698 1811 815 1872 LIBER
836 1810 986 1872 PRIMVS.

834 1982 862 2056 Ι.

434 2086 620 2195 Maecenas
643 2125 755 2193 atavis
778 2124 869 2192 edite
892 2125 1035 2212 regibus,

434 2240 462 2306 Ο
486 2248 522 2307 et
543 2238 746 2327 praesidium
769 2246 804 2304 et
825 2237 921 2305 dulce
945 2238 1045 2304 decus
1068 2260 1184 2317 meum,

434 2352 520 2419 Sunt
541 2375 622 2442 quos
644 2351 807 2418 curriculo
829 2351 1000 2438 pulverem
1023 2349 1232 2438 Olympicum

437 2464 619 2551 collegisse
643 2464 738 2531 iuvat
760 2471 916 2552 metaque
938 2461 1078 2528 fervidis

434 2638 576 2705 Evitata
597 2636 681 2703 rotis
702 2636 878 2726 palmaque
900 2635 1037 2719 nobilis;

434 2750 613 2817 Terrarum
635 2748 784 2815 dominos
808 2747 922 2815 evehit
943 2747 987 2815 ad
1011 2748 1090 2813 deos

434 2864 540 2944 Hunc,
563 2862 592 2928 si
613 2862 782 2929 mobilium
805 2864 906 2929 turba
928 2861 1108 2944 Quiritium

436 2975 555 3043 Certat
575 2974 772 3061 tergeminis
793 2975 913 3041 tollere
934 2974 1121 3054 honoribus,

434 3149 541 3228 lllum,
564 3147 594 3215 si
615 3147 749 3236 proprio
773 3146 923 3214 condidit
944 3147 1071 3226 horreo,

436 3259 606 3349 Quidquid
629 3260 668 3326 de
690 3260 828 3348 Libycis
849 3260 998 3326 verritur
1019 3259 1115 3326 areis.

437 3372 649 3440 Gaudentem
668 3373 798 3460 patrios
819 3372 947 3439 findere
970 3372 1100 3440 sarculo

436 3487 549 3572 Agros
571 3483 733 3551 Attalicis
756 3483 1003 3552 condicionibus

436 3657 626 3747 Numquam
648 3657 833 3738 demoveas,
855 3663 895 3724 ut
916 3658 1013 3724 trabe
1036 3654 1163 3746 Cypria

435 3770 608 3859 Myrtoum
630 3770 773 3859 pavidus
797 3776 901 3838 nauta
923 3776 1014 3838 secet
1039 3792 1138 3838 mare.

437 3883 637 3949 Luctantem
659 3883 778 3950 Icariis
800 3883 956 3949 fluctibus
979 3883 1130 3950 Africum

438 3995 605 4062 Mercator
626 4001 776 4062 metuens
799 3995 905 4062 otium
927 3999 962 4061 et
982 3994 1097 4083 oppidi

438 4167 573 4235 Laudat
593 4190 672 4235 rura
694 4168 760 4251 sui;
782 4191 859 4234 mox
881 4167 991 4234 reficit
1009 4172 1102 4234 rates

441 4279 598 4362 Quassus,
620 4280 773 4347 indocilis
795 4280 987 4369 pauperiem
1009 4280 1092 4369 pati.

439 4391 504 4461 Est
526 4393 583 4483 qui
606 4415 666 4461 nec
688 4394 816 4461 veteris
837 4394 956 4481 pocula
975 4392 1112 4461 Massici

439 4504 512 4573 Nec
536 4511 667 4594 partem
690 4506 795 4572 solido
818 4505 951 4574 demere
974 4505 1015 4573 de
1036 4505 1090 4571 die

440 4676 585 4766 Spernit
607 4701 693 4744 nunc
715 4677 817 4744 viridi
838 4680 986 4745 membra
1008 4679 1067 4744 sub
1091 4679 1208 4744 arbuto

441 4789 586 4870 Stratus,
609 4813 695 4856 nunc
718 4790 761 4857 ad
783 4813 890 4879 aquae
911 4790 987 4856 lene
1011 4795 1113 4878 caput
1134 4810 1258 4857 sacrae.

441 4900 567 4968 Multos
588 4909 700 4969 castra
722 4902 841 4970 iuvant
864 4909 900 4968 et
923 4902 1006 4969 lituo
1030 4904 1131 4970 tubae

442 5013 633 5083 Permixtas
655 5015 784 5083 sonitus
805 5015 957 5104 bellaque
980 5016 1142 5084 matribus
