3567 5700
820 856 981 933 HWH

539 1011 652 1101 Inpios
675 1032 794 1100 parrae
818 1011 999 1079 recinentis
1021 1032 1116 1078 omen

539 1123 650 1190 Duoat
671 1129 706 1189 et
731 1144 898 1212 praegnas
921 1123 1012 1189 oanis
1034 1129 1094 1189 aut
1115 1123 1156 1189 ab
1180 1145 1260 1210 egro

540 1234 636 1302 Rara
658 1235 836 1303 decurrens
859 1234 939 1323 lupa
962 1234 1136 1302 Lanuvino

581 1346 732 1437 Fataque
755 1347 887 1436 volpee;

539 1518 688 1608 Rumpat
710 1527 746 1586 et
766 1540 904 1607 serpens
926 1518 993 1585 iter
1013 1517 1213 1601 institutum,

540 1629 577 1697 Si
598 1652 659 1720 per
681 1631 848 1720 obliquum
870 1629 989 1698 similis
1010 1632 1158 1719 sagittae

540 1742 675 1810 Terruit
696 1767 850 1810 mannos:
875 1764 937 1829 ego
960 1744 1013 1810 eui
1034 1744 1167 1824 timebo,

582 1853 748 1922 Providus
769 1876 905 1944 auspex,

539 2027 731 2117 Antequam
753 2033 883 2095 stantes
905 2033 1040 2116 repetat
1060 2027 1202 2116 paludes

540 2140 698 2207 Imbrium
720 2139 834 2206 divina
855 2139 928 2207 avie
950 2139 1187 2220 imminentem,

541 2251 694 2319 Osoinem
717 2275 851 2320 corvum
873 2273 972 2341 prece
991 2252 1158 2319 suscitabo

584 2362 672 2431 Solis
695 2365 736 2430 ab
760 2371 844 2431 ortu

541 2534 595 2604 Sis
618 2536 698 2604 lieet
719 2536 808 2618 felix,
830 2537 1025 2625 ubicumque
1044 2535 1160 2617 mavis,

540 2647 588 2715 Et
609 2670 734 2715 memor
756 2648 870 2728 nostri,
892 2646 1048 2728 Galatea,
1070 2648 1181 2728 vivas,

541 2760 653 2851 Teque
675 2782 736 2828 neo
756 2760 872 2827 laevus
894 2766 990 2827 vetat
1012 2761 1060 2827 ire
1083 2759 1176 2849 picus

584 2873 655 2942 Neo
676 2896 763 2960 vaga
785 2874 906 2941 cornix„

541 3046 608 3115 Sed
628 3046 732 3128 vides,
756 3051 881 3136 quanto
903 3045 1053 3135 trepidet
1074 3044 1220 3112 tumultu

541 3160 668 3226 Pronus
690 3158 801 3225 Orion.
844 3157 919 3245 Ego
942 3158 1021 3249 quid
1043 3157 1088 3226 sit
1108 3165 1182 3226 ater

541 3271 692 3340 Hadriae
713 3272 792 3338 novi
814 3272 906 3338 sinus
928 3277 963 3337 et
986 3270 1066 3360 quid
1089 3270 1183 3337 albus

583 3383 706 3452 Peecet
725 3383 844 3471 Iapyx.

540 3555 696 3624 Hostium
718 3578 839 3624 uxores
861 3555 1021 3646 puerique
1047 3577 1160 3623 oaeoos

541 3666 698 3736 Sentiant
718 3675 827 3736 motus
849 3667 989 3735 orientis
1011 3666 1131 3735 Austri
1154 3675 1189 3734 et

540 3782 706 3869 Aequoris
724 3780 815 3867 nigri
838 3781 1007 3848 fremitum
1028 3788 1063 3847 et
1082 3787 1264 3847 trementes

583 3893 732 3961 Verbere
753 3894 853 3982 ripas.

542 4064 597 4134 Sio
617 4073 652 4133 et
675 4065 810 4154 Europe
833 4066 965 4132 niveum
988 4064 1101 4131 doloso

543 4176 694 4246 Credidit
715 4186 811 4246 tauro
833 4178 923 4245 latus
948 4184 984 4245 et
1005 4182 1191 4245 scatentem

541 4291 656 4357 Beluis
677 4298 815 4380 pontum
836 4290 1026 4381 mediasque
1049 4289 1184 4357 fraudes

582 4402 711 4471 Palluit
732 4403 851 4471 audam

540 4574 657 4666 Nuper
678 4578 713 4643 in
735 4578 842 4666 pratis
864 4578 1014 4646 studiosa
1035 4578 1151 4644 florum
1175 4583 1210 4643 et

541 4689 685 4757 Debitae
706 4687 874 4780 Nymphis
897 4691 1007 4779 opifex
1029 4712 1168 4757 coronae

541 4801 649 4869 Nocte
671 4801 832 4870 sublustri
855 4801 940 4869 nihil
960 4811 1054 4869 astra
1074 4808 1209 4890 praeter

583 4913 680 4981 Vidit
704 4922 740 4983 et
760 4913 876 4983 undas.
