3567 5700
729 624 846 688 LIBER
866 625 917 686 III.

435 810 613 878 Imminens
635 810 736 878 villae
758 816 818 877 tua
834 810 932 899 pinus
955 816 1035 891 esta,

437 922 543 1006 Quam
563 945 625 1011 per
646 925 782 990 exactos
803 944 865 1009 ego
887 921 997 990 laetus
1018 945 1121 990 annos

436 1035 553 1104 Verris
574 1035 743 1125 obliquum
765 1034 961 1102 meditantia
982 1034 1085 1103 ietum

479 1146 648 1233 Sanguine
671 1147 798 1214 donem.

752 1526 898 1601 XXIII.

439 1683 539 1752 Caelo
561 1682 697 1772 supinas
719 1681 748 1749 ai
770 1680 889 1748 tuleris
911 1704 1026 1748 manus

438 1797 605 1865 Nascente
628 1795 715 1875 luna,
737 1793 865 1862 rustica
884 1791 1039 1882 Phidyle,

481 1906 518 1976 Si
540 1913 616 1975 ture
639 1906 785 1995 placaris
807 1910 843 1972 et
864 1905 970 1973 horna

522 2018 635 2106 Fruge
657 2018 764 2086 Lares
785 2017 953 2108 avidaque
974 2040 1090 2107 porea:

438 2194 510 2261 Nee
531 2191 746 2282 pestilentem
769 2190 895 2259 sentiet
915 2188 1067 2257 Africum

438 2304 595 2374 Fecunda
616 2303 698 2371 vitia
720 2325 781 2371 nea
802 2301 950 2371 sterilem
973 2324 1070 2388 seges

482 2416 682 2504 Rebiginem
704 2421 765 2483 ant
788 2415 901 2482 dulces
923 2414 1048 2482 alumni

524 2528 691 2597 Pomifero
713 2549 817 2615 grave
838 2532 971 2616 tempus
993 2549 1088 2594 anno.

440 2702 527 2769 Nam
549 2723 633 2792 quae
656 2699 759 2768 nivali
780 2699 933 2789 paseitm
953 2698 1078 2786 Algido

440 2815 575 2884 Devota
598 2835 737 2905 quereus
757 2811 847 2880 inter
869 2815 906 2880 et
927 2811 1022 2880 ilices

482 2927 555 2995 Aut
576 2926 696 2995 erescit
715 2925 859 2993 Albania
881 2925 916 2991 in
937 2923 1049 2992 herbis

526 3037 682 3121 Victima,
704 3037 898 3128 pontificum
919 3058 1052 3106 secures

443 3212 580 3280 Cerviee
601 3212 750 3298 tinguet:
773 3216 808 3278 ta
830 3209 915 3277 nihil
937 3209 1063 3277 attinet

442 3326 618 3414 Temptere
639 3323 746 3391 multe
768 3322 870 3390 eaede
891 3321 1078 3389 bidentium

484 3436 611 3505 Parvos
633 3441 846 3504 coronantem
867 3435 994 3502 marino

526 3548 617 3617 Rore
639 3549 719 3616 deos
740 3547 920 3636 fragilique
943 3551 1064 3635 myrto.

442 3730 589 3798 Inmunis
612 3753 705 3797 arem
726 3730 755 3798 si
775 3729 893 3815 tetigit
918 3750 1042 3809 munus,

444 3841 518 3909 Non
540 3847 735 3931 sumptuosa
755 3840 908 3908 blandior
929 3840 1050 3921 hostia,

486 3954 632 4022 Mollivit
654 3976 790 4022 aversos
812 3951 957 4021 Penates

527 4066 633 4135 Fame
655 4066 710 4156 pie
734 4073 770 4134 et
791 4065 935 4134 saliente
957 4065 1049 4134 miea

751 4476 916 4552 XXIIII.

445 4632 585 4700 Intactis
607 4632 796 4722 opulentior

487 4744 665 4812 Thesauris
686 4743 839 4810 Arabum
861 4750 897 4810 at
919 4743 1036 4811 divitis
1057 4742 1175 4811 Indiae

448 4856 634 4925 anmentis
656 4856 737 4924 lieet
757 4878 897 4945 occupes

487 4968 667 5037 Terrenum
685 4990 780 5036 omne
800 4967 870 5036 tuis
892 4973 929 5035 et
949 4990 1039 5036 mere
1062 4968 1237 5058 publicum.
