3567 5700
791 589 996 658 oaalfflavm

830 916 953 994 XVII.

543 1074 652 1143 Velox
673 1095 846 1142 amoenum
867 1093 968 1161 saepe
990 1071 1194 1140 Lucretilem

542 1186 655 1255 Mutat
676 1185 811 1275 Lycaeo
834 1183 970 1252 Faunus
992 1190 1028 1251 et
1047 1184 1181 1272 igneam

585 1298 748 1366 Defendit
767 1303 929 1365 aestatem
952 1296 1089 1386 capellis

628 1411 741 1501 Vsque
764 1409 846 1478 meis
867 1409 1062 1499 pluviosque
1084 1414 1212 1476 ventos.

543 1602 671 1691 Inpune
693 1607 801 1668 totum
822 1620 883 1689 per
903 1621 1018 1667 nemus
1041 1600 1178 1666 arbutos

545 1712 718 1796 Quaerunt
738 1712 884 1780 latentes
907 1718 943 1779 et
962 1711 1080 1800 thyma
1101 1710 1219 1778 devioe

588 1824 719 1893 Olentis
740 1824 860 1892 uxores
884 1824 998 1891 mariti

631 1936 702 2006 Nec
723 1936 848 2005 virides
869 1942 1024 2004 metuunt
1046 1937 1198 2004 colubras

545 2126 617 2196 Neo
638 2126 807 2194 martiales
828 2125 1004 2193 Hacdiliae
1026 2125 1130 2214 lupos,

544 2240 732 2329 Vtcumque
754 2238 851 2319 dulci,
874 2237 1032 2326 Tyndari,
1054 2238 1167 2306 fistula

587 2351 702 2420 Valles
724 2357 759 2418 et
779 2350 914 2419 Vaticae
936 2351 1090 2419 cubantis

631 2463 738 2531 Levia
757 2484 958 2552 personuere
980 2485 1073 2531 saxa.

545 2654 591 2720 Di
612 2674 663 2721 me
686 2659 830 2736 tuentur,
853 2652 905 2720 dis
926 2654 1037 2743 pietas
1058 2674 1131 2720 mea

546 2767 592 2832 Et
612 2789 707 2833 musa
729 2765 862 2834 cordist
907 2766 972 2835 Hic
991 2765 1054 2832 tibi
1077 2766 1173 2856 copia

587 2877 740 2946 Manebit
761 2879 958 2969 adplenum
979 2880 1121 2967 benigno

631 2991 734 3059 Ruris
755 2991 916 3059 honorum
938 2992 1096 3081 opulenta
1116 3016 1226 3060 cornu.

546 3181 611 3248 Hic
632 3181 667 3248 in
686 3182 825 3249 reducta
846 3181 935 3250 valle
958 3180 1137 3250 Caniculae

545 3293 680 3361 Vitabis
702 3300 816 3362 aestus
838 3300 874 3361 et
895 3295 961 3362 fide
983 3294 1064 3361 Teia

587 3406 689 3473 Dices
710 3406 903 3474 laborantes
923 3408 958 3473 in
980 3430 1045 3474 uno

631 3518 819 3608 Penelopen
840 3520 1046 3610 vitreamque
1068 3518 1202 3603 Circam

545 3707 610 3775 Hic
631 3708 816 3777 innocentis
837 3709 956 3798 pocula
978 3708 1093 3778 Lesbii

546 3820 657 3888 Duces
679 3822 739 3890 sub
760 3823 884 3904 umbra,
908 3844 968 3889 nec
989 3820 1172 3890 Semeleius

590 3931 672 4000 Cum
693 3932 803 4001 Marte
826 3934 1006 4001 confundet
1027 3934 1207 4023 Thyoneus

631 4046 770 4127 Proelia
792 4068 854 4113 nec
875 4053 1005 4114 metues
1026 4053 1221 4135 protervum

547 4232 709 4323 Suspecta
730 4233 862 4325 Cyrum,
885 4257 927 4303 ne
950 4237 1036 4304 male
1058 4237 1185 4326 dispari

546 4347 795 4415 Inoontinentes
815 4348 935 4416 iniciat
956 4372 1071 4417 manus

589 4460 636 4526 Et
657 4460 789 4528 scindat
809 4460 1003 4529 haerentem
1025 4486 1177 4530 coronam

635 4570 788 4639 Crinibus
810 4573 1063 4664 inmeritamque
1085 4582 1222 4642 vestem
