3567 5700
793 573 997 635 CARMINVM

534 756 628 824 Adde
648 758 735 846 quod
755 759 866 846 pubes,
888 760 945 825 ubi
966 760 1095 839 crescit,
1118 760 1222 828 omnis

535 868 687 936 Servitus
710 869 831 936 crescit
852 893 947 949 nova,
969 892 1029 937 nec
1049 871 1177 959 priores

534 979 652 1066 Inpiae
674 985 801 1046 tectum
823 981 976 1048 dominae
998 982 1199 1071 relinquunt,

578 1089 684 1179 Saepe
707 1091 834 1158 minati.
1126 1100 1128 1105 '

534 1280 582 1347 Te
602 1280 672 1348 suis
693 1286 818 1348 matres
840 1288 995 1348 metuunt
1016 1281 1173 1363 iuvencis,

534 1389 581 1457 Te
604 1413 701 1458 senes
722 1392 816 1479 parci
838 1394 1053 1481 miseraeque,
1077 1416 1183 1480 nuper

533 1502 701 1587 virginee,
724 1509 857 1590 nuptae,
881 1511 941 1571 tua
963 1525 1004 1570 ne
1024 1503 1177 1571 retardet

577 1614 673 1681 Aura
695 1613 843 1680 maritos.

795 1931 1000 1941 —u——n

837 2178 956 2254 VIIII.

535 2349 610 2417 Non
634 2372 764 2438 semper
785 2350 908 2416 imbres
931 2352 1073 2418 nubibus
1094 2352 1262 2441 *hispidos

535 2462 675 2527 Manent
693 2461 727 2527 in
749 2485 848 2547 agros
870 2468 930 2527 aut
950 2484 1042 2529 mare
1065 2462 1222 2552 Caspium

579 2573 714 2638 Vexent
736 2572 927 2660 inaequales
951 2574 1116 2660 procellae

622 2684 743 2772 Vsque,
769 2706 828 2749 nec
851 2682 1020 2750 Armeniis
1042 2686 1075 2751 in
1099 2687 1174 2763 oris,

535 2891 652 2956 Amice
673 2890 784 2976 Valgi,
807 2898 878 2957 stat
900 2892 1026 2977 glacies
1049 2893 1138 2960 iners

536 3000 668 3068 Menses
690 3023 751 3088 per
773 3024 893 3081 omnes,
915 3009 976 3069 aut
998 3004 1208 3092 aquilonibus

580 3110 773 3201 Querqueta
798 3112 950 3198 Gargani
971 3115 1125 3182 laborant

621 3223 668 3290 Et
687 3224 777 3290 foliis
798 3224 981 3291 viduantur
1004 3228 1093 3292 orni:

535 3431 587 3497 Tu
610 3453 739 3520 semper
761 3455 884 3517 urgues
907 3433 1072 3499 flebilibus
1093 3433 1199 3500 modis

537 3541 674 3629 Mysten
697 3542 898 3630 ademptum,
921 3567 981 3610 nec
1003 3543 1067 3610 tibi
1088 3567 1229 3633 vespero

579 3652 746 3739 Surgente
770 3653 936 3721 decedunt
958 3677 1088 3723 amores

621 3765 693 3832 Nec
714 3765 868 3853 rapidum
888 3768 1040 3853 fugiente
1062 3767 1174 3833 selem.

536 3971 586 4037 At
607 3996 673 4037 nou
695 3980 749 4037 ter
772 3994 853 4038 aevo
876 3973 1012 4039 functus
1035 3975 1209 4041 amabilem

535 4081 689 4149 Ploravit
710 4105 822 4149 omnes
845 4082 1062 4150 Antilochum
1085 4106 1185 4152 senex

580 4193 704 4274 Annos,
726 4216 786 4259 nee
808 4194 963 4280 inpubem
986 4201 1143 4282 parentes

622 4304 757 4371 Troilon
779 4310 839 4371 aut
860 4304 1031 4393 Phrygiae
1052 4329 1181 4374 sorores

536 4507 676 4575 Flevere
699 4530 837 4596 semper.
881 4509 1006 4577 Desine
1029 4510 1175 4579 mollium

536 4618 685 4686 Tandem
706 4620 937 4708 querellarum,
959 4627 995 4686 et
1015 4622 1128 4708 potius
1151 4644 1238 4689 nove

580 4728 760 4797 Cantemus
782 4730 931 4817 Augusti
951 4737 1090 4819 tropaea

622 4839 784 4922 caesaris,
807 4849 843 4908 et
862 4841 1009 4927 rigidum
1029 4841 1200 4933 Niphaten
