3567 5700
817 584 974 652 EPODON

376 773 474 862 Inpia
491 773 665 862 perdemus
687 772 799 841 devoti
821 772 993 859 sanguinis
1015 779 1116 854 aetas,

420 884 579 976 Ferisque
601 908 716 953 rursus
738 886 953 973 occupabitur
975 884 1088 952 solum

377 997 545 1065 Barbarus
566 998 632 1064 heu
654 997 781 1065 cineres
803 996 939 1064 insistet
960 997 1069 1064 viator
1091 1002 1128 1063 et
1147 998 1264 1064 urbem

418 1109 531 1199 Eques
552 1116 692 1177 sonante
715 1109 906 1177 verberabit
925 1109 1060 1195 ungula,

378 1221 535 1311 Quaeque
557 1227 674 1289 carent
694 1221 806 1289 ventis
828 1226 863 1288 et
884 1221 1010 1289 solibus
1032 1242 1108 1288 ossa
1129 1218 1270 1302 Quirini,

419 1333 523 1401 Nefas
545 1333 676 1401 videre!
706 1332 884 1422 dissipabit
904 1333 1059 1400 insolens.

377 1444 492 1527 Forte,
515 1445 605 1536 quod
627 1445 796 1535 expediat,
821 1445 1037 1513 communiter
1058 1449 1117 1513 aut
1137 1443 1255 1511 melior
1277 1465 1357 1531 pars

419 1558 518 1626 Malis
541 1580 654 1626 carere
677 1559 839 1648 quaeritis
860 1558 1045 1625 laboribus:

377 1670 480 1738 Nulla
499 1671 546 1738 sit
567 1671 629 1738 heo
651 1670 763 1760 potior
785 1671 960 1752 sententia,
982 1669 1208 1737 Phocaeorum

419 1782 523 1850 Velut
545 1783 695 1872 profugit
717 1787 892 1851 exsecrata
914 1781 1036 1850 civitas

377 1893 489 1981 Agros
511 1900 613 1985 atque
634 1896 723 1962 lares
746 1894 885 1983 patrios,
910 1893 1159 1983 habitandaque
1181 1892 1261 1960 fana

420 2005 524 2094 Apris
546 2007 684 2098 reliquit
706 2012 742 2074 et
762 2006 939 2095 rapacibus
960 2005 1057 2095 lupis,

377 2119 445 2201 Ire,
471 2119 574 2208 pedes
603 2141 806 2209 quocumque
831 2120 954 2199 ferent,
983 2139 1185 2208 quocumque
1211 2139 1271 2206 per
1300 2116 1409 2183 undas

420 2230 531 2299 Notus
552 2233 685 2301 vocabit
707 2238 766 2299 aut
789 2236 966 2321 protervus
986 2229 1131 2298 Africus.

378 2342 433 2410 Sic
455 2344 589 2432 placet?
619 2367 662 2411 an
683 2343 800 2411 melius
824 2343 898 2432 quis
919 2343 1023 2410 habet
1044 2341 1208 2410 suadere?
1251 2339 1409 2407 Secunda

420 2455 543 2522 Ratem
565 2478 726 2544 occupare
749 2455 829 2545 quid
851 2478 1017 2523 moramur
1037 2454 1143 2521 alite?

379 2566 446 2634 Sed
465 2568 611 2636 iuremus
633 2568 667 2635 in
688 2569 785 2635 haec:
808 2568 908 2636 simul
925 2567 1000 2635 imis
1023 2589 1105 2634 saxa
1126 2565 1278 2633 renarint

420 2679 527 2749 Vadis
549 2681 673 2761 levata,
695 2703 737 2748 ne
759 2681 870 2748 redire
894 2681 940 2748 sit
962 2680 1072 2763 nafas;

377 2791 454 2860 Neu
475 2815 635 2862 conversa
658 2793 788 2862 domum
810 2793 927 2883 pigeat
949 2792 1029 2860 dare
1052 2791 1165 2873 lintea,
1187 2791 1319 2881 quando

420 2904 532 2974 Padus
552 2907 681 2974 Matina
701 2907 827 2975 laverit
847 2906 1024 2987 cacumina,

378 3017 417 3083 In
439 3040 529 3085 mare
552 3041 611 3086 seu
634 3020 741 3087 celsus
762 3017 968 3107 procurrerit
989 3015 1216 3106 Appenninus,

421 3129 585 3220 Novoque
607 3137 757 3199 monstra
778 3130 928 3198 iunxerit
949 3130 1087 3196 libidine

378 3241 484 3310 Mirus
507 3265 606 3325 amor,
628 3244 723 3312 iuvet
743 3249 783 3311 ut
803 3244 912 3330 tigres
934 3242 1104 3311 subsidere
1127 3242 1243 3325 cervia,

421 3352 645 3424 Adulteratur
667 3361 703 3423 et
724 3357 875 3424 columba
896 3355 1006 3436 miluo,

380 3466 525 3536 Credula
544 3491 605 3536 neo
626 3492 726 3537 ravos
748 3469 890 3536 timeant
914 3473 1067 3536 armenta
1089 3469 1209 3551 leones,

422 3580 589 3671 Ametque
611 3581 700 3649 salsa
720 3580 805 3649 levis
828 3581 941 3648 hircus
964 3602 1117 3671 aequora

381 3692 476 3761 Haec
498 3700 534 3761 et
556 3715 639 3783 quae
660 3698 821 3782 poterumt
839 3692 970 3760 reditus
992 3693 1185 3761 abscindere
1210 3692 1322 3761 dulces

421 3805 545 3874 Eamus
567 3805 672 3872 omnis
695 3810 868 3873 exsecrata
889 3805 1019 3885 civitas,

379 3917 453 3984 Aut
473 3940 552 4007 pars
573 3916 710 3986 indocili
730 3917 847 3985 melior
868 3940 986 4006 grega;
1015 3916 1123 3985 mollis
1146 3922 1181 3984 et
1203 3939 1322 4007 exspes

422 4029 609 4097 Inominata
630 4029 813 4119 perprimat
835 4030 964 4097 cubilia

380 4140 457 4223 Vos,
480 4142 596 4231 quibus
619 4147 673 4210 est
694 4142 811 4223 virtus,
833 4142 1028 4209 muliebrem
1049 4142 1159 4209 tollito
1181 4143 1315 4222 luctum,

423 4253 568 4322 Etrusca
588 4259 724 4343 praeter
744 4260 781 4321 et
799 4254 910 4322 volate
933 4254 1043 4322 litora.

381 4365 451 4434 Nos
472 4371 584 4433 manet
606 4366 758 4435 Oceanus
781 4368 903 4435 circum
924 4390 1030 4454 vagus
1052 4389 1134 4434 arva
1154 4368 1262 4434 beata.

423 4478 581 4547 Petamus
603 4480 681 4561 alta,
704 4479 827 4547 divites
850 4485 885 4546 et
907 4479 1041 4561 insulas,

382 4590 511 4659 Reddit
532 4592 588 4659 ubi
611 4613 757 4659 cererem
779 4591 881 4658 tellus
902 4592 1036 4659 inarata
1058 4590 1242 4681 quotannis

423 4704 471 4771 Et
491 4704 647 4792 inputata
668 4704 766 4771 floret
786 4726 889 4793 usque
910 4704 1015 4784 vinca,

384 4814 559 4882 Germinat
582 4822 617 4882 ot
637 4839 812 4906 numquam
834 4815 984 4883 fallentis
1006 4822 1129 4882 termes
1150 4815 1268 4896 olivae,

424 4927 590 5017 Suamque
612 4930 704 5016 pulla
726 4929 807 4997 ficus
830 4935 928 4995 ornat
950 4929 1109 5010 arborem,
