3567 5700
797 564 1003 631 CARMINVM

530 751 623 834 Quae
645 751 743 820 simul
765 758 897 820 centum
918 752 1035 841 tetigit
1055 758 1226 843 potentem

531 862 671 954 Oppidis
693 862 824 946 Creten,
847 862 986 955 †‘pater,
1009 890 1028 933 0
1050 866 1203 935 relictum

529 975 636 1044 Filiae
658 1000 777 1045 nomen
798 974 986 1068 pietasque'
1011 978 1098 1046 dixit

574 1086 689 1159 ‘Victa
709 1090 830 1158 furore.

528 1277 624 1345 Vnde
646 1301 710 1368 quo
733 1279 835 1346 veni?
879 1278 983 1346 Levis
1004 1303 1071 1347 una
1093 1303 1181 1348 mors
1201 1284 1254 1349 est

528 1389 705 1477 Virginem
727 1391 852 1480 culpae.
897 1390 1094 1478 Vigilansne
1115 1393 1208 1482 ploro

528 1502 639 1592 Turpe
662 1504 858 1571 conmissum
880 1526 923 1571 an
945 1503 1039 1572 vitiis
1061 1510 1228 1572 carentem

570 1615 675 1683 Ludit
695 1616 804 1703 imago

529 1821 646 1908 [Vana
669 1847 768 1913 quam
789 1827 888 1912 porta
909 1823 1042 1910 fugiens
1064 1824 1190 1892 eburna

527 1933 695 2003 Somnium
718 1934 835 2003 ducit?
880 1935 1043 2004 Meliusne
1064 1936 1185 2005 fluctus

527 2047 582 2115 Ire
605 2069 666 2137 per
686 2048 803 2135 longos
825 2046 891 2116 fnit
914 2070 958 2115 an
979 2053 1133 2117 recentes

572 2158 717 2250 Carpere
740 2158 875 2247 flores?]

527 2366 638 2457 Siquis
659 2367 815 2436 infamem
836 2367 918 2434 mihi
938 2391 1025 2435 nunc
1047 2369 1221 2436 iuvencum

527 2479 640 2547 Dedat
661 2480 778 2562 iratae,
802 2480 951 2548 lacerare
972 2481 1061 2548 ferro
1087 2488 1122 2549 et

526 2590 695 2679 Frangere
718 2592 826 2660 enitar
848 2593 944 2660 modo
965 2585 1105 2661 multum
1127 2594 1231 2662 amati

570 2702 703 2773 Cornua
723 2706 871 2774 monstri

524 2913 692 3001 Inpudens
713 2913 794 3003 liqui
815 2914 943 3004 patrios
964 2914 1116 2996 Penates,

525 3025 694 3114 Inprudens
716 3049 828 3094 orcum
849 3050 967 3096 moror.
1011 3026 1039 3094 Ο
1063 3027 1200 3095 deorum

526 3135 637 3226 Siquis
658 3137 740 3206 haec
761 3138 865 3220 audis,
886 3139 1016 3207 utinam
1037 3140 1127 3207 inter
1151 3161 1257 3207 errem

568 3248 668 3318 Nuda
688 3251 818 3320 leones!

525 3457 716 3547 Antequam
737 3458 846 3556 turpis
868 3460 989 3528 macies
1013 3460 1168 3528 decentes

526 3568 674 3660 Occupet
693 3572 798 3639 malas
818 3577 1020 3662 teneraeque
1042 3597 1139 3641 sucus

524 3682 661 3750 Defluat
683 3683 835 3773 praedae,
864 3685 1015 3775 speciosa
1037 3708 1158 3775 quaero

567 3794 709 3863 Pascere
731 3797 845 3884 tigres.

523 4002 611 4070 Vilis
632 4002 775 4093 Europe,
798 4009 896 4093 pater
916 4009 1040 4090 urguet
1061 4004 1187 4073 absens.

524 4114 614 4195 Quid
634 4116 718 4183 mori
741 4116 873 4184 cessas?
917 4115 1017 4184 Potes
1039 4117 1102 4184 hac
1123 4118 1164 4183 ab
1188 4141 1267 4185 orno

524 4225 710 4295 Pendulum
731 4251 815 4295 zona
835 4229 920 4296 bene
939 4234 974 4296 te
997 4234 1114 4297 secuta

566 4339 718 4408 Laedere
740 4341 868 4409 collum.

523 4544 601 4614 Sive
621 4552 658 4614 te
679 4569 780 4637 rupes
801 4555 837 4615 et
860 4552 960 4616 acuta
980 4547 1048 4616 leto

522 4657 611 4726 Saxa
633 4659 810 4742 delectant,
833 4682 896 4747 age
918 4667 954 4726 te
974 4660 1138 4749 procellae

524 4770 631 4839 Crede
652 4772 768 4853 veloci,
789 4772 855 4839 nisi
877 4773 960 4841 erile
982 4772 1087 4841 mavis

565 4883 711 4975 Carpere
733 4906 870 4975 pensum
