3567 5700
270 4990 439 5032 nonme.

799 558 917 622 LIBER
938 561 1003 622 1111.

488 741 576 825 (Non
596 742 683 809 enim
704 743 845 832 posthac
866 745 934 813 alia
957 745 1071 813 calebo

487 852 639 938 Femina)
661 854 813 923 condisce
835 857 959 937 modos,
982 859 1125 925 amanda

487 966 577 1034 Voce
601 989 683 1056 quos
703 967 842 1035 reddas:
865 969 1057 1037 minuentur
1080 977 1174 1037 atrae

530 1075 683 1145 Carmine
707 1101 814 1146 curae.

796 1297 1000 1305 ——-——.-

856 1451 942 1526 XII.

486 1599 559 1669 Iam
578 1601 668 1669 veris
691 1602 836 1685 comites,
859 1627 944 1693 quae
964 1628 1055 1673 mare
1075 1613 1271 1696 temperant,

486 1712 657 1801 inpellunt
677 1713 808 1782 animae
829 1714 937 1783 lintea
956 1716 1138 1804 Thraciam

486 1824 557 1890 Iam
579 1846 640 1892 nec
663 1830 762 1914 prata
784 1827 898 1913 rigent
918 1850 979 1895 nec
1001 1830 1095 1896 fluvii
1118 1836 1274 1919 strepunt

528 1935 678 2004 Hiberna
701 1936 777 2004 nive
800 1938 937 2026 turgidi.

485 2089 609 2158 Nidum
630 2091 733 2173 ponit,
755 2092 836 2181 Ityn
857 2093 1017 2161 flebiliter
1039 2117 1183 2182 gemens,

485 2201 606 2268 Infelix
627 2203 701 2270 avis
724 2208 759 2270 et
781 2202 961 2294 Cecropiae
984 2207 1099 2274 domus

484 2314 669 2381 Aeternum
690 2314 910 2403 opprobrium,
934 2317 1022 2407 quod
1044 2318 1130 2385 male
1151 2320 1311 2388 barbaras

527 2425 692 2512 Regnmst
713 2424 788 2493 ulta
807 2425 973 2495 libidines,

483 2580 610 2648 Dicunt
631 2579 667 2646 in
686 2585 802 2647 tenero
824 2582 974 2668 gramine
996 2584 1170 2672 pingnium

484 2690 648 2759 Custodes
669 2692 780 2759 ovium
800 2694 949 2762 carmina
971 2695 1087 2763 fistula

483 2805 727 2895 Deleetentque
749 2805 855 2887 deum,
878 2805 931 2874 cni
953 2828 1054 2895 pecus
1077 2814 1113 2876 et
1138 2808 1256 2896 nigrae

526 2916 636 2985 Colles
657 2916 824 2985 Arcadiae
843 2918 987 3006 placent.

483 3072 664 3140 Adduxere
687 3071 777 3138 sitim
797 3078 956 3160 tempora,
978 3073 1123 3160 Vergili3

483 3184 549 3252 Sed
569 3207 720 3274 pressum
743 3182 879 3251 Calibus
903 3184 1023 3252 ducere
1046 3186 1204 3254 Liberum

483 3295 519 3363 Si
538 3296 653 3383 gestis,
674 3297 830 3363 iuvenum
849 3295 1008 3364 nobilium
1031 3297 1142 3379 cliens,

524 3406 639 3475 Nardo
661 3407 741 3475 vina
762 3407 950 3476 mereberis.

482 3561 590 3629 Nardi
610 3584 736 3651 parvus
758 3584 849 3649 onyx
872 3561 985 3629 eliciet
1006 3561 1133 3643 eadum,

483 3672 548 3756 Qui
568 3696 656 3741 nunc
678 3672 834 3762 Sulpiciis
857 3674 1002 3741 adcubat
1024 3674 1161 3755 horreis,

481 3784 564 3874 Spes
587 3786 712 3853 donare
732 3808 838 3853 novas
862 3785 976 3872 largus
999 3808 1177 3876 amaraque

524 3896 687 3965 Cunarum
709 3897 821 3964 eluere
845 3896 973 3964 efficax.

481 4053 536 4120 Ad
559 4053 693 4142 quaesi
715 4052 844 4140 raperis
866 4051 999 4138 gaudia,
1022 4076 1095 4119 cum
1116 4059 1178 4119 tua

482 4163 588 4231 Velox
610 4185 720 4231 merce
742 4163 836 4229 veni:
859 4186 925 4230 non
945 4185 1007 4250 ego
1027 4169 1062 4229 te
1085 4164 1168 4230 meis

481 4276 651 4343 Inmnnem
673 4274 817 4342 meditor
837 4273 971 4362 tingere
990 4273 1126 4363 poculis,

522 4388 628 4456 Plena
650 4388 746 4455 dives
770 4392 809 4453 ut
833 4387 867 4453 in
891 4386 996 4453 domo.

481 4543 604 4611 Verum
627 4565 712 4633 pone
734 4565 843 4610 moras
866 4546 902 4608 et
921 4539 1068 4607 studium
1089 4540 1174 4608 lucri

481 4655 726 4743 Nigrorumque
749 4676 880 4734 memor,
906 4651 984 4718 dum
1005 4651 1093 4733 licet
1114 4652 1241 4739 ignium

480 4767 581 4836 Misce
603 4766 785 4835 stultitiam
807 4764 954 4832 consiliis
974 4764 1127 4830 brevem:

520 4879 663 4948 Dulcest
684 4877 834 4967 desipere
855 4877 891 4942 in
912 4875 995 4943 loco.
