3567 5700
268 5041 439 5084 Hom

849 877 934 954 VH.

482 1033 569 1115 Quo,
590 1056 653 1122 quo
676 1032 809 1099 scelesti
831 1033 955 1100 ruitis?
982 1040 1043 1100 aut
1068 1057 1126 1101 our
1153 1033 1300 1102 dexteris

523 1144 697 1233 Aptantur
719 1165 814 1211 enses
837 1144 985 1212 conditi?

481 1255 646 1322 Parumne
669 1255 793 1344 eampis
816 1262 917 1345 etque
939 1254 1096 1345 Neptuno
1119 1279 1219 1345 snper

522 1368 681 1435 Fusumst
703 1366 820 1435 Latini
841 1367 1036 1454 sanguinis?

481 1479 557 1548 Non
578 1486 619 1548 ut
640 1480 801 1570 superbas
823 1478 959 1548 invidae
981 1479 1204 1568 Karthaginis

522 1591 693 1661 Romam
714 1614 808 1660 eroes
829 1598 953 1673 ureret

481 1704 632 1772 Intactas
652 1710 712 1772 aut
731 1704 916 1772 Britannus
938 1711 977 1771 ut
1000 1705 1217 1773 descenderet

523 1814 627 1884 Sacra
648 1822 822 1884 catenatus
843 1817 909 1898 via,

481 1926 547 1995 Sed
568 1933 608 1995 ut
630 1928 809 1996 seeundum
830 1935 912 1997 vota
934 1926 1136 1996 Parthorum
1157 1953 1216 1997 sus

523 2039 612 2108 Vrbs
633 2040 717 2109 haee
738 2041 866 2129 periret
888 2041 1052 2109 dextera?

480 2152 596 2244 Neque
618 2152 672 2221 hio
694 2153 783 2243 lupis
802 2177 872 2220 mos
894 2175 953 2221 neo
974 2154 1041 2220 fuit
1062 2154 1221 2236 leonibus,

522 2264 708 2355 Numquam
730 2265 795 2332 uisi
817 2266 852 2332 in
872 2264 987 2353 dispar
1007 2266 1096 2334 feris.

481 2376 628 2445 Furorne
652 2398 766 2445 oaeoos
787 2399 832 2444 an
853 2377 944 2466 rapit
966 2377 1017 2446 vis
1040 2379 1148 2446 aerior

522 2488 578 2555 An
601 2490 723 2578 eulpa?
765 2488 974 2579 Responsum
996 2490 1090 2557 date!

481 2602 615 2684 Tacent,
638 2608 674 2669 et
694 2602 789 2671 uibus
812 2625 872 2670 ora
892 2601 1001 2692 pallor
1021 2602 1135 2683 inficit,

522 2714 717 2805 Montesque
738 2715 913 2805 perculsae
935 2719 1079 2802 stupent

482 2824 536 2895 Sic
557 2834 624 2895 est:
645 2828 765 2895 aoerba
786 2827 859 2896 fata
879 2827 1047 2895 Romanos
1068 2833 1174 2914 agunt

523 2938 701 3030 Soelusque
722 2941 893 3008 stateruae
916 2940 1013 3020 neeis,

482 3052 529 3119 vt
549 3052 744 3119 inmerentis
763 3053 861 3119 fluxit
882 3052 917 3118 iu
939 3057 1065 3119 terram
1084 3052 1182 3118 Remi

524 3163 624 3231 Suom
646 3164 822 3253 nepotibus
844 3187 950 3232 eruor.

838 3546 944 3621 vm.

482 3698 615 3786 Rogare
636 3700 736 3787 longo
756 3699 909 3788 putidam
930 3705 966 3768 te
989 3700 1131 3782 saeculo,

523 3811 622 3879 Vires
641 3810 722 3902 quid
743 3820 882 3879 enervet
904 3835 1002 3888 meas

483 3923 565 3991 Cum
584 3925 631 3992 sit
651 3924 717 3990 uni
734 3922 817 3992 dens
839 3931 915 3991 ater
935 3931 971 3991 et
993 3924 1087 4011 rugis
1109 3925 1226 3992 ivetus

523 4036 681 4103 Frontem
701 4043 857 4103 senectus
878 4045 1004 4116 exaret

482 4148 627 4238 Hietque
648 4148 758 4237 turpis
778 4148 869 4215 inter
888 4148 1002 4216 aridas
1023 4155 1120 4216 uates

524 4261 638 4329 Podar
658 4260 753 4327 velut
774 4260 896 4328 nudae
917 4260 1029 4328 bovis!

481 4372 547 4439 Sed
567 4373 687 4440 inuitat
706 4395 759 4439 me
777 4381 895 4461 peetus
916 4379 953 4438 et
973 4395 1135 4441 mammae
1157 4381 1281 4462 punse,

521 4485 655 4575 Pom
678 4484 813 4575 *qens
833 4485 947 4564 aaa

483 4596 674 4686 venterque
694 4596 805 4664 mollia
824 4603 861 4662 et
882 4597 990 4663 famur
1010 4597 1215 4664 tumentssrus

522 4709 622 4776 Emis
643 4709 732 4776 suris
752 4707 914 4775 additum

481 4820 565 4888 Esto
585 4822 694 4902 buta,
714 4821 814 4888 funus
833 4829 935 4910 atque
955 4821 1115 4907 imagines

523 4933 657 4999 [ruant
676 4933 897 5023 triumphales
916 4945 1020 5000 tuum
