3567 5700
735 588 855 650 LIBER
875 591 898 651 1.

444 770 517 838 Nou
537 770 624 838 leuis
645 771 799 860 precibus
821 773 893 840 fata
914 775 1095 857 recludere,

445 883 550 969 Nigro
570 883 758 971 conpulerit
777 884 965 952 Mercurius
987 887 1106 973 gregi?

444 996 585 1062 Durum:
608 994 668 1062 sed
687 995 798 1063 levius
818 997 858 1063 fit
879 996 1055 1084 patieutis,

483 1104 653 1196 Quidquid
673 1108 876 1194 oonigerest
896 1109 999 1176 nefas.

747 1486 868 1562 XXV.

396 1638 532 1706 Paroius
553 1640 684 1708 iunctas
704 1639 859 1730 quatiunt
877 1640 1045 1708 fenestras

395 1750 544 1819 lectibus
566 1752 691 1820 enebris
712 1753 850 1820 iuvenes
871 1752 1023 1841 protervi

397 1862 467 1931 Nee
486 1862 551 1931 tibi
571 1887 704 1932 somnos
727 1864 887 1946 adimunt
911 1870 1066 1953 amatque

436 1974 544 2042 Ianua
565 1974 674 2056 limen,

396 2144 489 2227 Quae
511 2146 604 2234 prius
624 2145 765 2213 multum
787 2145 895 2213 facilis
915 2146 1070 2212 movebat

396 2256 565 2325 Cardiuea
608 2255 717 2324 Audis
739 2257 847 2325 miuus
870 2263 907 2324 et
928 2257 1036 2324 minus
1058 2256 1139 2324 iam:

390 2365 460 2435 ‘Me
481 2375 540 2435 tuo
562 2369 680 2455 longas
702 2374 864 2457 pereunte
885 2375 1009 2450 noetes,

437 2478 558 2568 Lydia,
580 2475 738 2548 dormis?

395 2651 543 2718 Invicem
562 2651 715 2719 moechos
738 2674 822 2720 anus
843 2657 1040 2737 arrogantes

394 2762 507 2830 Flebis
529 2763 565 2829 in
585 2763 655 2830 solo
677 2763 762 2830 lovis
783 2763 964 2852 angiportu

395 2875 537 2943 Thracio
556 2876 740 2945 baoohaute
762 2875 870 2962 magis
892 2876 952 2942 sub
976 2876 1076 2942 inter·

436 2987 529 3055 lunia
548 2994 659 3068 vento,

396 3156 478 3226 Cum
499 3158 564 3225 tibi
585 3157 732 3246 flagrans
754 3180 846 3226 amor
868 3164 905 3225 et
924 3156 1037 3239 libido,

396 3270 489 3353 Quae
512 3271 600 3339 solet
622 3276 746 3338 matres
767 3270 894 3338 turine
916 3290 1082 3359 equorum,

396 3382 531 3451 Saeviet
553 3383 643 3451 eirea
662 3383 755 3449 ieeur
777 3381 970 3459 ulcerosum,

437 3493 513 3563 Non
536 3494 609 3563 sine
631 3499 760 3585 questu,

396 3666 503 3735 Laeta
526 3667 614 3757 qu'od
636 3667 740 3756 pubes
762 3664 888 3732 hedera
909 3663 1034 3731 virenti

397 3777 554 3845 Gaudeat
574 3778 667 3867 pulla
687 3775 794 3863 magis
820 3780 922 3866 atque
943 3781 1065 3864 myrto,

396 3888 519 3957 Aridus
541 3888 676 3957 frondes
697 3887 828 3967 Hiemis
850 3885 959 3955 sodali

438 4001 582 4069 Dedieot
602 4000 702 4068 Euro.

737 4372 877 4449 xxvr.
957 4312 959 4315 ⁵

397 4532 499 4599 Musis
519 4532 642 4600 amiens
663 4529 839 4598 tristitiam
862 4535 898 4595 et
918 4534 1027 4595 metus

399 4643 539 4710 Tradam
559 4643 727 4730 protervis
749 4643 784 4708 in
806 4663 896 4708 mare
920 4639 1088 4706 Creticum

439 4754 579 4822 Portare
600 4754 720 4837 ventis,
745 4754 818 4844 quis
839 4753 900 4821 sub
924 4750 1031 4818 Aroto

481 4864 555 4933 Rex
577 4864 711 4952 gelidae
734 4870 906 4931 metuatur
927 4884 1013 4941 orae,
