3567 5700
812 436 970 499 EPODON

471 622 592 690 Setosa
614 621 706 689 duris
728 642 850 688 exuere
872 620 1015 709 pellibus

472 733 648 801 Laboriosi
668 732 812 819 remiges
835 732 949 800 Vlixei

471 845 616 913 Volente
639 843 737 912 Circa
758 845 916 925 membra,
938 850 1020 912 tune
1040 866 1133 911 mens
1156 850 1193 911 et
1213 868 1314 913 sonus

472 955 616 1024 Relatus
639 962 740 1046 atque
761 952 859 1023 nobis
881 957 916 1022 in
939 957 1051 1024 voltus
1073 957 1186 1023 honor.

472 1068 562 1136 Dedi
583 1069 667 1136 satis
688 1090 853 1158 superque
874 1090 1056 1156 poenarum
1077 1068 1150 1147 tibi,

472 1180 599 1248 Amata
620 1181 733 1247 nautis
754 1179 895 1246 multum
916 1184 952 1246 et
973 1179 1192 1246 institoribus.

471 1292 577 1379 Fugit
597 1293 754 1359 iuventas
776 1296 812 1358 et
832 1292 1040 1359 verecundus
1062 1292 1151 1360 color

470 1405 527 1472 Me
549 1404 662 1494 liquit;
685 1426 745 1471 ora
766 1404 854 1492 pefle
876 1403 999 1470 amicta
1020 1403 1137 1484 lurida,

471 1516 553 1584 'ruis
576 1516 715 1604 capillus
738 1515 833 1582 albus
854 1521 908 1583 est
929 1515 1094 1596 odoribus,

471 1628 610 1695 Nullum
632 1628 674 1694 ab
696 1629 811 1694 labere
834 1649 886 1694 me
907 1627 1051 1694 reclinat
1070 1627 1189 1709 otium;

470 1740 605 1827 Vrguet
626 1739 714 1807 diem
735 1762 801 1805 nox
824 1744 860 1806 et
881 1738 953 1806 dies
975 1744 1114 1819 nectem,
1136 1746 1276 1828 nequest

471 1852 602 1918 Levare
623 1856 720 1918 tenta
741 1850 863 1938 spiritu
882 1851 1086 1938 praecordia

471 1962 563 2050 Ergo
585 1967 745 2049 negatum
766 1962 881 2031 vincor
902 1969 942 2029 ut
962 1963 1094 2030 credam
1115 1963 1224 2045 miser,

472 2073 607 2141 Sabella
628 2080 746 2162 pectus
767 2074 941 2162 increpare
964 2075 1111 2141 carmina

474 2184 646 2274 Caputque
668 2185 781 2253 Marsa
801 2185 947 2252 dissilire
969 2187 1078 2253 nenia.

473 2296 562 2380 Quid
583 2298 723 2386 amplius
745 2297 821 2364 vis?
866 2296 894 2362 Ο
917 2319 1007 2364 mare
1030 2303 1065 2364 et
1086 2306 1188 2380 terra,
1211 2298 1321 2379 ardeo,

473 2409 642 2491 Quantum
663 2432 770 2499 neque
791 2416 866 2476 atro
889 2408 1057 2476 delibutus
1078 2409 1241 2479 Hercules

473 2521 575 2588 Nessi
597 2543 712 2588 cruore
734 2543 795 2589 nec
817 2520 940 2588 Sicana
960 2521 1092 2588 fervida

472 2633 596 2700 Virens
617 2633 653 2699 in
675 2633 787 2699 Aetna
807 2633 953 2712 flamma;
977 2640 1023 2703 tu.
1047 2634 1151 2701 denec
1173 2635 1255 2702 cinis

473 2745 647 2813 iniuriosis
670 2744 784 2811 aridus
805 2746 917 2812 ventis
938 2746 1038 2826 ferar,

474 2856 572 2925 Cales
593 2857 730 2924 venenis
754 2857 886 2924 officina
910 2857 1083 2926 Colchicis.

474 2968 568 3052 Quae
590 2970 666 3036 finis
687 2975 747 3036 aut
769 2969 857 3058 quod
877 2992 930 3037 me
951 2977 1065 3036 manet
1088 2969 1313 3058 stipendium?

472 3081 602 3148 Effare!
631 3082 738 3148 iussas
761 3104 834 3148 cum
855 3081 921 3148 fide
943 3104 1067 3170 poenas
1088 3082 1184 3161 luam,

473 3192 618 3259 Paratus
640 3194 783 3280 expiare,
806 3215 864 3260 seu
886 3192 1076 3282 poposceris

475 3302 616 3372 Centum
637 3305 802 3386 iuvencos,
824 3305 895 3372 sive
917 3304 1070 3373 mendaci
1091 3306 1166 3392 lyra

472 3415 576 3483 Voles
598 3416 724 3483 sonari:
748 3423 788 3484 tu
809 3418 940 3505 pudica,
962 3422 1001 3483 tu
1022 3418 1126 3503 proba

473 3527 724 3595 Perambulabis
746 3534 840 3595 astra
861 3528 954 3595 sidus
976 3550 1121 3595 aureum.

473 3639 611 3707 Infamis
632 3640 782 3707 Helenae
806 3639 927 3707 Castor
949 3641 1094 3707 offensus
1117 3642 1221 3707 ricem

473 3750 660 3840 Fraterque
682 3752 794 3837 magni
817 3749 975 3831 Castoris,
997 3753 1080 3819 victi
1101 3774 1207 3839 prece,

473 3860 643 3950 Adempta
663 3864 736 3931 vati
757 3863 933 3930 reddidere
955 3864 1096 3929 lumina:

473 3974 522 4040 Et
541 3980 581 4040 tu
602 4012 645 4021 —
666 3982 762 4063 petes
783 3998 860 4042 nam
882 4013 924 4021 -
946 3975 1038 4042 solve
1061 3997 1112 4041 me
1136 3974 1309 4056 dementis,

475 4084 503 4150 Ο
526 4108 586 4152 nec
608 4088 759 4175 paternis
781 4088 932 4154 obsoleta
953 4088 1105 4154 sordibus

474 4196 546 4264 Nec
567 4198 601 4264 in
622 4199 782 4286 sepulcris
803 4222 987 4287 pauperum
1009 4199 1154 4286 prudens
1177 4224 1259 4266 arius

474 4308 699 4376 Novcndialcs
722 4310 885 4398 dissipare
906 4311 1070 4399 pulveres,

474 4419 550 4487 Tibi
572 4421 738 4509 hospitale
759 4426 876 4509 pectus
899 4428 934 4489 ct
955 4444 1057 4510 purae
1080 4445 1196 4488 manus

475 4532 630 4622 Tuusque
652 4539 771 4599 venter
793 4533 1014 4614 Pactumeius,
1036 4540 1072 4600 et
1093 4541 1151 4601 tuo

476 4642 601 4711 Cruore
623 4647 741 4712 rubros
767 4645 932 4711 obstetrix
953 4669 1079 4733 pannos
1100 4646 1192 4723 lavit,

474 4755 662 4847 Vtcumque
684 4756 781 4824 fortis
805 4756 918 4823 exsilis
940 4753 1126 4845 puerpera.’
