3567 5700
583 1494 1201 1621 CARMINVM

745 1723 862 1786 LIBER
881 1723 1047 1787 TERTIVS.

882 1911 911 1984 Ι.

524 2024 597 2135 Odi
617 2065 792 2153 profanum
814 2065 933 2151 volgus
958 2070 993 2132 et
1016 2085 1122 2131 eroeo.

523 2179 652 2247 Favete
668 2178 813 2265 'linguis;
835 2179 982 2245 oermine
1004 2202 1070 2246 non
1091 2178 1185 2267 prius

564 2290 695 2357 Audita
715 2288 887 2358 Musarum
909 2290 1065 2358 sacerdos

608 2400 804 2502 Virginibus
824 2402 1003 2492 puerisque
1023 2407 1130 2470 cento.

523 2572 654 2660 Regum
676 2573 897 2640 timendorum
920 2574 954 2639 in
975 2573 1128 2662 proprios
1150 2590 1280 2657 greges,

522 2685 635 2771 Reges
658 2686 692 2751 in
714 2685 804 2773 ipsos
825 2684 1035 2773 imperiumst
1055 2683 1155 2763 Iovis,

566 2793 658 2863 Cleri
680 2794 846 2882 Giganteo
868 2795 1045 2885 triumpho,

610 2905 739 2974 Cometa
762 2908 938 2995 supercilio
960 2905 1135 2974 moventis.

523 3076 589 3144 Est
611 3083 651 3143 ut
671 3076 745 3143 viro
766 3077 819 3143 vir
841 3077 945 3144 latius
967 3077 1099 3144 ordinet

525 3187 677 3255 Arbmte
700 3188 809 3266 euleis,
830 3188 885 3254 hie
907 3189 1100 3274 generosior

565 3297 759 3364 Deeoendet
781 3298 816 3364 in
837 3322 985 3388 eampum
1008 3298 1143 3387 petitor.

607 3407 757 3475 Moribus
779 3409 832 3475 hio
856 3410 1035 3499 meliorque
1056 3411 1143 3477 fnmu

524 3577 721 3654 contendat,
743 3578 794 3645 ilii
816 3580 915 3647 turbe
938 3581 1108 3646 clientium

523 3687 577 3755 Sit
596 3690 709 3756 meior.
754 3687 873 3778 Aeque
896 3690 970 3776 lege
992 3689 1185 3757 Necessitas

568 3798 717 3866 Sortitur
738 3801 887 3886 insignes
911 3809 946 3867 et
968 3802 1066 3870 imos:

609 3909 713 3976 Omne
736 3933 842 3998 oopex
863 3921 976 3978 movet
999 3934 1081 3978 urna
1104 3933 1231 3977 nomen.

526 4077 717 4146 Destriotrm
738 4080 827 4146 ensis
849 4082 903 4146 oui
925 4103 1025 4168 super
1044 4082 1136 4169 inpie

525 4188 664 4256 Cerrioe
686 4189 819 4278 pendet.
841 4213 904 4255 non
930 4189 1061 4257 Siculae
1085 4191 1189 4279 dapes

567 4299 706 4366 Duloem
728 4299 943 4366 elaborabunt
967 4323 1125 4389 soporem

609 4407 685 4475 Non
707 4410 818 4475 onium
839 4410 1053 4499 citharaeque
1076 4421 1195 4479 eentne

524 4575 680 4643 Somnum
701 4577 869 4643 rederent.
914 4577 1052 4646 Somnus
1072 4582 1258 4666 agrestium

525 4686 628 4753 Lenis
651 4687 796 4753 vimi-um
818 4713 882 4753 non
907 4687 1046 4756 humiles
1068 4691 1183 4757 domos

568 4797 715 4864 Festidit
738 4799 988 4887 nuibioeamque
1012 4801 1125 4887 ripum.

612 4906 687 4974 Non
709 4907 866 4996 zephyris
887 4909 1017 4994 egitete
1040 4923 1159 5000 tempe.
