3567 5700
770 586 887 650 meua
908 586 943 648 Π.

466 771 647 838 Redditum
671 769 755 859 Cyri
777 772 860 839 solio
883 771 1078 839 Phruhaten

465 881 641 949 Dissidens
661 883 751 971 plebi
774 905 909 950 numero
929 885 1103 951 beatorum

465 995 593 1061 Eximit
614 995 734 1062 Virtus
757 996 977 1085 populumque
999 996 1094 1062 falsis

506 1107 658 1174 Dedooet
676 1107 729 1173 uti

354 1322 356 1326 >
464 1279 618 1358 Vocibus,
641 1301 780 1365 regnum
803 1287 839 1346 ot
862 1279 1017 1346 diadema
1037 1285 1147 1346 tutum

216 5015 392 5058 ΗΟΠΔΤΠΕ.

465 1391 629 1458 Deferens
650 1391 708 1457 uni
731 1391 963 1479 propriamque
985 1391 1122 1471 laurum,

465 1502 622 1592 Quisquis
645 1504 799 1588 ingentes
821 1502 915 1570 oculo
937 1503 1102 1568 inretorto

507 1613 665 1702 lSpectat
687 1636 833 1682 acervos.

807 1901 876 1974 III.

463 2054 615 2142 Aequam
636 2058 800 2118 memento
823 2053 923 2118 rebus
946 2051 980 2116 in
1003 2051 1116 2118 arduis

464 2165 607 2232 Servare
632 2169 783 2243 mentem,
806 2186 870 2230 non
894 2185 989 2230 seous
1011 2163 1159 2230 inbonis

506 2279 560 2344 Ab
583 2277 741 2343 insolenti
762 2281 986 2364 temperatam

549 2387 706 2467 Laetitia,
729 2387 888 2453 moriture
912 2386 1013 2466 Delli,

464 2559 530 2625 Seu
552 2564 699 2624 maestus
722 2557 810 2622 omni
831 2563 982 2645 tempore
1003 2555 1137 2636 vixeris,

464 2667 530 2736 Seu
551 2674 587 2734 te
608 2669 644 2734 in
665 2674 791 2734 remoto
814 2667 963 2753 gramine
986 2690 1047 2755 per
1070 2666 1142 2733 dies

507 2780 643 2848 mestos
664 2778 863 2848 reclinatum
883 2779 995 2845 bearis

548 2892 714 2959 Interiore
736 2898 817 2958 nota
838 2891 984 2958 Falerni.

464 3060 554 3145 lQuo
577 3062 674 3151 pinus
695 3062 813 3147 ingens
836 3061 977 3149 albaque
999 3060 1139 3148 populus

463 3173 621 3239 Vmbram
644 3171 842 3261 hospitalem
864 3170 1054 3237 consociare
1077 3176 1192 3237 amant

507 3283 648 3350 Remis?
692 3281 782 3364 Quid
804 3281 937 3370 obliquo
957 3281 1092 3347 laborat

550 3394 705 3483 Lympha
727 3394 831 3480 fugax
853 3392 1025 3479 trepidare
1048 3391 1146 3459 rivo?

464 3564 539 3633 Huc
560 3564 640 3632 vina
662 3569 698 3630 et
724 3568 900 3649 unguenta
928 3569 964 3628 et
991 3561 1129 3628 nimium
1156 3562 1276 3627 breves

464 3675 580 3743 Flores
603 3696 760 3742 amoenae
783 3674 871 3740 ferre
895 3673 971 3739 iube
993 3694 1098 3752 rosae,

505 3787 594 3853 Dum
616 3808 670 3853 res
693 3791 728 3852 et
748 3789 843 3851 aetas
866 3790 902 3851 et
923 3805 1073 3850 sororum

548 3896 623 3964 Fila
644 3895 747 3962 trium
770 3895 946 3983 patiuntur
968 3899 1054 3961 atra.

467 4066 572 4134 Cedes
595 4066 755 4154 coemptis
777 4065 920 4132 saltibus
942 4070 979 4130 et
1000 4063 1095 4130 domo

464 4179 627 4268 Villaque,
656 4178 762 4245 flavus
785 4200 883 4266 quam
906 4174 1038 4243 Tiberis
1065 4172 1160 4252 lavit,

508 4289 624 4369 (ledes,
650 4297 686 4356 et
708 4288 889 4356 exstructis
911 4288 945 4354 in
968 4287 1074 4354 altum

549 4399 691 4467 Divitiis
713 4398 863 4488 potietur
884 4398 990 4477 heres,

466 4569 621 4651 Divesne,
645 4569 754 4658 priseo
778 4575 813 4635 et
836 4575 936 4635 natus
959 4568 1000 4634 ab
1024 4565 1148 4633 Inacho

465 4679 522 4749 Nil
545 4682 691 4748 interest
713 4704 756 4748 an
777 4702 906 4770 pauper
929 4686 964 4745 et
990 4678 1103 4744 infima

507 4793 560 4859 De
583 4800 685 4879 gente
708 4794 767 4860 sub
792 4792 868 4860 divo
892 4790 1039 4871 moreris,

554 4902 699 4971 Victima
721 4905 769 4970 nil
789 4902 981 4971 miserantis
1004 4900 1089 4967 Oroi

1300 5001 1318 5055 Β
