3567 5700
1034 896 1104 972 111.

657 1051 768 1120 Siata
791 1051 870 1120 diva
891 1057 1011 1142 potens
1033 1050 1147 1141 Cypri,

700 1163 755 1232 Sic
776 1164 899 1231 fiatres
921 1164 1082 1245 Helenae,
1103 1163 1216 1231 lucida
1236 1163 1359 1245 sidera,

656 1276 907 1366 Ventorumque
928 1282 1026 1363 regat
1047 1282 1147 1366 pater

699 1388 879 1457 Obstriotis
901 1388 978 1456 aliis
999 1394 1136 1479 praeter
1157 1388 1296 1478 Iapyga,

656 1561 771 1642 Navis,
795 1583 881 1652 quae
902 1561 966 1628 tibi
990 1560 1152 1630 creditum

698 1675 810 1743 Debes
832 1673 1021 1761 Vergilium
1045 1675 1166 1742 finibus
1187 1673 1324 1741 Atticis.

655 1788 792 1856 Reddas
813 1786 1016 1868 incolumem,
1038 1808 1163 1877 precor,

697 1899 745 1966 Et
766 1920 881 1967 serves
903 1898 1032 1966 animae
1055 1898 1227 1966 dimidium
1246 1921 1348 1966 meae.

656 2071 713 2138 llli
735 2072 836 2139 robur
859 2077 894 2138 et
917 2093 975 2138 aes
994 2072 1119 2161 triplex

700 2181 798 2251 Circa
824 2190 943 2273 pectus
969 2194 1056 2265 erat,
1086 2183 1143 2275 qui
1173 2185 1328 2271 fragilem
1359 2184 1448 2252 truci

655 2294 819 2364 conmisit
839 2297 960 2386 pelago
983 2302 1090 2364 ratem

698 2408 838 2490 Primus,
865 2430 926 2476 uec
952 2409 1067 2475 timuit
1087 2409 1306 2498 praecipitem
1328 2408 1481 2476 Africum

654 2581 894 2649 Decertantem
915 2579 1138 2671 Aquilonibus

696 2693 767 2762 Nec
787 2694 905 2761 tristes
927 2693 1068 2783 Hyadas
1090 2714 1151 2760 nec
1171 2693 1299 2761 rabiem
1320 2693 1411 2774 Noti,

656 2806 728 2889 Quo
751 2830 816 2873 non
839 2805 968 2874 arbiter
989 2804 1137 2874 Hadriae

695 2918 818 2999 Maior,
845 2919 965 2986 tollere
992 2941 1052 2985 scu
1078 2940 1201 3008 ponere
1222 2920 1296 2986 volt
1316 2920 1414 2986 freta.

654 3090 760 3175 Quem
780 3091 901 3159 Mortis
922 3091 1037 3159 timuit
1057 3091 1206 3178 gradum,

697 3202 763 3287 Qui
785 3205 881 3272 siccis
904 3204 1008 3272 oeulis
1030 3211 1180 3271 monstra
1202 3204 1362 3272 natantia

654 3315 720 3399 Qui
739 3315 828 3384 vidit
848 3339 941 3384 marc
965 3316 1135 3384 turbidum
1157 3323 1192 3383 et

695 3428 843 3495 Infames
866 3428 1027 3516 scopulos,
1049 3428 1324 3497 Acroceraunia?

651 3599 861 3690 Nequiquam
883 3600 966 3667 deus
987 3600 1131 3669 abscidit

695 3711 848 3779 Prudens
870 3711 1003 3780 Oceano
1031 3711 1236 3780 dissociabili

652 3823 783 3905 Terras,
806 3825 836 3891 si
856 3831 968 3891 tamen
990 3824 1103 3912 inpiae

694 3935 772 4003 Non
791 3936 964 4022 tangenda
985 3942 1078 4003 rates
1100 3936 1297 4003 transiliunt
1319 3937 1415 4004 vada

652 4106 776 4175 Audax
798 4108 909 4175 omnia
930 4110 1062 4197 perpeti

696 4218 788 4287 Gens
809 4220 954 4288 humana
974 4221 1045 4288 ruit
1065 4243 1126 4310 per
1147 4221 1290 4288 vetitum
1312 4222 1414 4288 nefas.

652 4332 774 4400 Audax
795 4332 908 4422 Iapeti
930 4355 1035 4419 genus

694 4445 812 4532 Ignem
833 4444 952 4513 frauda
974 4446 1065 4513 mala
1086 4446 1244 4531 gentibus
1265 4447 1392 4513 intulit

651 4618 735 4685 Post
755 4618 867 4704 ignem
888 4617 1041 4684 aetheria
1062 4616 1157 4685 domo

695 4728 901 4795 Subductum
921 4729 1044 4797 macies
1066 4735 1102 4796 at
1122 4752 1209 4795 nova
1231 4730 1374 4797 febrium

650 4841 765 4909 Terris
788 4842 940 4908 incubuit
961 4840 1087 4921 cohors,

693 4953 905 5044 †Sem0tique
925 4954 1019 5041 prius
1040 4953 1142 5021 tarda
1163 4955 1347 5022 necessitas
