3567 5700
867 909 910 982 V.

501 1061 653 1127 Nondum
675 1064 813 1128 subacta
835 1064 924 1129 ferre
947 1065 1061 1150 iugum
1089 1066 1182 1133 valet

501 1170 648 1249 cervice,
673 1173 817 1239 nondum
839 1176 952 1242 munia
975 1177 1127 1264 conparis

542 1282 699 1373 Aequore
721 1305 782 1350 nee
803 1287 895 1352 tauri
917 1289 1046 1353 ruentis

584 1394 624 1461 Iu
648 1417 803 1462 venerem
825 1398 970 1464 tolerare
992 1400 1129 1487 pondus.

501 1584 598 1652 Cinea
619 1586 768 1653 virentes
792 1594 844 1652 est
866 1588 994 1654 animus
1016 1595 1094 1655 tuae

501 1697 642 1783 Campos
665 1698 833 1777 iuvencae,
857 1723 944 1765 nunc
966 1700 1078 1766 fluviis
1098 1725 1236 1786 gravem

542 1807 690 1876 Solantis
711 1815 849 1890 aestum,
871 1834 958 1876 nuno
977 1811 1011 1876 in
1032 1812 1097 1877 udo

584 1919 717 1988 Ludere
741 1944 813 1988 oum
835 1921 953 1988 vitulis
976 1922 1094 1989 salicto

500 2108 774 2195 Praegestientis.
818 2110 912 2176 Tolle
936 2111 1122 2198 cupidinem

500 2221 632 2287 Inmitis
654 2244 756 2287 uvae:
777 2222 844 2288 iam
865 2222 930 2288 tibi
952 2222 1074 2289 lividos

542 2333 740 2420 Distinguet
764 2341 943 2400 autumnus
965 2357 1112 2401 racemos

585 2445 757 2534 Purpureo
779 2446 892 2512 varios
914 2445 1031 2512 oolore.

499 2634 571 2701 Iam
593 2642 628 2701 te
651 2641 808 2723 sequetur
831 2634 950 2717 (oumit
973 2636 1059 2700 enim
1080 2636 1174 2701 ferox

499 2746 613 2827 Aetas,
636 2752 672 2812 et
694 2745 753 2825 illi,
776 2746 862 2834 quod
884 2745 949 2839 tibi
972 2745 1140 2826 demserit,

542 2860 701 2947 Adponet
720 2858 848 2941 annus),
870 2859 938 2925 iam
961 2865 1120 2947 proterva

584 2969 709 3036 Fronte
732 2976 826 3056 petet
848 2969 978 3057 Lalage
1000 2971 1165 3051 maritum,

500 3161 640 3239 Dilecta,
662 3165 821 3248 quantum
843 3183 908 3225 non
930 3157 1055 3225 Pholoe
1078 3159 1190 3245 fugax,

500 3272 574 3339 Non
597 3270 737 3350 Chloris
760 3272 835 3337 elbo
858 3271 907 3337 sio
927 3293 1041 3338 umero
1064 3271 1183 3352 nitens,

542 3384 591 3450 Vt
612 3407 696 3471 pura
717 3389 878 3448 nocturno
901 3382 1035 3447 renidet

585 3494 682 3562 Luna
704 3494 788 3560 mari
811 3492 992 3560 Cnidiusve
1016 3492 1141 3583 Gyges,

501 3684 606 3766 Quem
626 3684 655 3749 si
675 3684 860 3771 puellarum
881 3682 1047 3749 insereres
1070 3683 1177 3762 ehoro,

500 3796 585 3863 Mire
609 3818 747 3882 sagaces
769 3780 905 3861 falleret
927 3795 1076 3883 hospites

543 3907 732 3974 Discrimen
754 3907 929 3972 obscurum
951 3907 1070 3973 solutis

588 4020 743 4086 Crinibus
766 4019 986 4107 ambiguoque
1009 4019 1114 4084 voltu.

788 4250 993 4262 --—-——-

859 4412 924 4490 VI.

503 4566 650 4658 Septimi,
675 4567 788 4635 Gades
811 4566 944 4634 aditure
966 4586 1092 4634 meeum
1114 4572 1150 4632 et

504 4680 708 4747 Cantabrum
729 4679 898 4746 indoctum
920 4679 1000 4764 iuga
1021 4679 1109 4745 ferre
1131 4683 1247 4744 nostra
1269 4683 1305 4742 et

503 4794 673 4860 Barbarae
696 4790 824 4880 Syrtes,
846 4791 903 4856 ubi
925 4789 1046 4857 Maura
1068 4811 1198 4878 semper

543 4904 693 4971 Aestuat
713 4902 812 4985 unda,

1314 4999 1351 5056 3*
