3567 5700
815 570 933 634 LIBER
952 572 1017 633 1111.

497 753 619 823 Totum
640 754 786 822 muneris
807 754 870 822 boe
891 755 986 834 tuist

541 865 638 949 Quod
658 871 824 935 monstror
846 864 955 952 digito
976 867 1262 955 praetereuntium

498 978 670 1046 Rornmae
690 977 811 1047 fidicen
830 977 944 1068 lyrae;

541 1088 638 1174 Quod
656 1090 747 1182 spiro
771 1095 807 1159 et
827 1089 953 1180 pleoeo,
972 1090 1003 1159 si
1023 1090 1146 1180 plaoeo,
1167 1096 1304 1159 tuumst

862 1453 952 1528 IIIl.

499 1607 639 1691 Qualem
660 1608 848 1676 ministrum
869 1607 1017 1676 fulminis
1039 1609 1163 1691 alitem,

500 1718 563 1788 Cui
583 1740 644 1788 rex
666 1719 801 1788 deorum
822 1742 964 1807 ragnum
986 1721 1022 1787 in
1042 1743 1123 1789 aves
1145 1746 1252 1810 vagas

541 1831 701 1900 Permisit
723 1837 880 1921 expertus
901 1832 1033 1901 fidelem

583 1943 738 2034 Iuppiter
758 1944 795 2012 in
816 1943 1013 2034 Ganymede
1037 1945 1134 2029 flavo,

500 2108 586 2175 Olim
607 2107 764 2176 iuventas
784 2114 820 2176 et
840 2110 972 2196 patrius
992 2109 1090 2196 vigor

500 2219 587 2288 Nido
608 2220 759 2288 laborum
780 2220 930 2310 propulit
949 2221 1097 2302 inscium,

415 2343 420 2350 ’
542 2330 710 2424 Verniqne
731 2333 799 2401 iam
820 2333 941 2401 nimbis
961 2334 1099 2402 remotis

584 2443 743 2514 Insolitos
765 2444 907 2513 doonere
928 2445 1021 2514 nisus

501 2608 604 2676 Venti
625 2614 812 2699 paventem,
833 2631 910 2676 mox
929 2609 964 2676 in
985 2609 1088 2678 ovilia

500 2719 645 2788 Demisit
664 2721 794 2789 hostem
815 2720 950 2789 vividus
972 2721 1124 2810 impetus,

544 2831 641 2901 Nune
662 2833 697 2901 in
719 2833 924 2902 reluctantes
945 2832 1105 2901 dracones

585 2944 669 3032 Egit
690 2968 783 3013 emor
805 2944 902 3034 dapis
923 2952 1023 3036 atque
1044 2968 1191 3035 pugnae3

502 3099 682 3183 Qualemve
704 3100 805 3169 laetis
827 3122 949 3190 eaprea
974 3100 1106 3189 pascuis

501 3212 639 3281 Intonts
659 3213 772 3281 fulvae
793 3211 913 3282 metris
933 3212 976 3280 ab
997 3213 1099 3280 ubere

543 3324 615 3394 Iam
636 3324 740 3392 *laeto
762 3323 936 3414 depulsum
956 3324 1084 3392 leonem

587 3436 698 3505 Dente
721 3459 806 3504 novo
828 3436 979 3526 peritura
999 3436 1103 3504 vidit:

502 3592 627 3661 Videre
645 3590 766 3660 Raetis
785 3592 873 3660 bella
894 3592 956 3659 snb
977 3591 1121 3681 Alpibus

502 3704 648 3773 Drusum
669 3708 841 3791 gerentem
862 3701 1046 3788 Vindeliei;
1068 3703 1204 3794 *quibus

544 3815 619 3885 llos
639 3815 727 3884 unde
749 3814 912 3884 daduetus
933 3837 995 3905 per
1017 3838 1112 3884 omna

587 3926 731 4018 Tempus
752 3926 937 3997 Ammonis
958 3928 1067 3997 securi

504 4084 651 4152 Dextras
673 4085 832 4166 obarmet
854 4105 1015 4175 quaerere
1037 4082 1162 4165 distuli,

504 4196 575 4264 Neo
596 4196 682 4264 seire
703 4197 756 4265 fas
778 4202 831 4265 est
852 4196 968 4264 omnia
1012 4194 1080 4264 Sed
1100 4195 1157 4263 diu

545 4308 700 4400 Lataqne
721 4310 877 4378 victrioes
900 4314 1058 4378 eatervee

590 4418 748 4490 Consiliis
766 4409 900 4487 iuvenis
921 4420 1072 4487 revictae

506 4575 654 4657 Sensers
676 4575 755 4666 quid
775 4596 876 4655 mens,
897 4574 963 4642 rito
985 4573 1064 4665 quid
1085 4572 1213 4640 indoles

507 4688 645 4757 Nutrits
665 4687 787 4755 faustis
808 4687 867 4754 sub
889 4686 1115 4775 penetralibus

548 4801 674 4881 Posset,
697 4799 777 4889 quid
798 4797 947 4885 Augusti
967 4803 1127 4885 petemus

590 4912 632 4980 In
652 4933 776 5002 pueros
796 4909 926 4979 animus
946 4909 1106 4982 Nerones
