3567 5700
860 886 950 961 IIII.

513 1036 619 1126 Lupis
641 1045 677 1104 et
699 1038 796 1123 agnis
817 1043 943 1127 quanta
963 1041 1084 1106 sortito
1104 1043 1235 1128 obtigit,

556 1148 679 1217 Tecum
700 1149 782 1216 mibi
803 1149 1013 1232 discordiast

513 1261 680 1329 Hibericis
700 1267 838 1351 peruste
860 1262 995 1331 funibus
1018 1262 1108 1331 latus

554 1373 603 1440 Et
624 1395 721 1441 crura
742 1373 827 1441 dura
846 1375 1012 1464 compede.

513 1484 611 1554 Licet
632 1487 793 1576 superbus
815 1487 965 1555 ambules
988 1489 1136 1576 pecunia

555 1596 706 1665 Fortima
727 1621 794 1665 non
814 1603 926 1666 mutat
946 1621 1060 1686 genus.

512 1709 668 1791 Videsne,
690 1708 829 1778 Sacram
851 1711 1012 1778 metiente
1034 1719 1070 1779 te
1092 1712 1181 1779 viam

556 1821 638 1889 Cum
659 1822 712 1890 bis
730 1823 834 1890 trium
853 1822 1007 1890 ulnarum
1029 1831 1120 1910 toga,

513 1933 561 2001 Vt
582 1956 643 2001 ora
664 1940 780 2002 vertat
797 1934 862 2002 huc
884 1941 921 2001 et
941 1935 1006 2003 huc
1025 1936 1173 2002 cuntium

554 2045 743 2112 Liberrima
763 2045 976 2132 indignatio?

513 2153 646 2226 ‘Sectus
667 2157 811 2244 flagellis
833 2158 888 2226 hic
910 2158 1175 2226 triumviralibus

554 2269 732 2336 Praecouis
754 2269 798 2337 ad
819 2269 993 2337 fastidium

513 2381 601 2448 Anat
620 2381 756 2449 Falerni
777 2382 867 2449 mille
891 2381 987 2448 fundi
1008 2382 1127 2469 iugera

553 2493 602 2559 Et
623 2491 771 2582 Appiam
792 2494 924 2562 mannis
944 2494 1028 2560 terit

512 2604 742 2695 Sedilibusque
764 2628 905 2693 magnus
927 2605 962 2672 in
986 2605 1102 2694 primis
1125 2628 1226 2696 eques

555 2716 687 2785 Othone
709 2723 899 2806 contempto
921 2718 1025 2785 sedet.

512 2828 601 2913 Quid
623 2830 749 2899 attinet
770 2835 825 2898 tot
846 2852 924 2898 aere
945 2830 1081 2898 navium
1102 2832 1199 2918 gravi

554 2942 719 3011 Rostrata
742 2942 819 3010 duci
839 2942 989 3030 pondera

512 3052 638 3123 Contra
658 3056 806 3123 latrones
826 3060 927 3144 atque
950 3055 1106 3122 servilem
1128 3053 1261 3121 manum

554 3166 636 3249 Hoc,
656 3166 719 3235 hoo
740 3166 876 3235 tribuno
898 3162 1080 3235 milituml’

879 3537 923 3614 V.

512 3689 577 3759 ‘At
599 3716 618 3760 o
641 3692 777 3760 deorum
800 3691 962 3783 quidquid
983 3694 1019 3759 in
1039 3691 1130 3761 caelo
1152 3692 1243 3780 regit

554 3804 676 3871 Terras
699 3811 734 3872 et
755 3803 934 3872 humanum
955 3828 1068 3893 genus,

512 3914 600 3996 Quid
621 3915 688 3982 iste
709 3915 779 3983 fert
799 3917 963 3985 tumultus
985 3925 1021 3984 et
1046 3917 1126 4007 quid
1148 3918 1292 3985 omnium

554 4027 676 4095 Voltus
699 4027 734 4093 in
756 4052 857 4095 unum
877 4051 929 4095 me
951 4029 1087 4096 truces?

511 4137 577 4206 Per
597 4138 721 4207 liberos
742 4145 787 4222 te,
806 4140 836 4206 si
857 4146 979 4207 vocata
999 4140 1161 4228 partubus

553 4250 683 4320 Lucina
703 4251 794 4319 veris
815 4250 932 4332 adfuit,

511 4362 576 4431 Per
596 4362 659 4432 hoc
681 4363 796 4430 *inane
818 4384 985 4451 purpurae
1008 4363 1108 4431 dacus
1129 4385 1255 4454 precor,

552 4474 620 4542 Per
641 4475 892 4565 inprobaturum
915 4474 998 4543 haec
1019 4475 1140 4556 Iovem,

512 4584 601 4668 Quid
622 4594 662 4654 ut
682 4608 828 4655 noverca
847 4607 900 4652 mo
923 4586 1065 4654 intueris
1087 4594 1148 4655 aut
1168 4588 1221 4655 uti

554 4697 671 4766 Petita
692 4698 782 4766 forro
803 4693 938 4766 belual’

512 4803 560 4878 Vt
581 4810 665 4879 haec
687 4810 847 4878 momenti
868 4817 1007 4901 questus
1029 4833 1086 4879 one
1107 4811 1260 4879 constitit

553 4921 747 5009 Insignibus
767 4922 876 5012 raptis
897 4944 989 5014 puer,
