3567 5700
688 588 806 649 LIBER
826 590 876 648 III.

423 771 484 839 Vis
507 771 624 839 consili
647 794 766 860 expers
788 773 874 840 mole
897 774 967 840 ruit
988 798 1065 841 sua:

422 882 498 950 Vim
520 889 743 971 temperatam
768 884 802 950 di
825 907 955 974 quoque
977 886 1166 973 provehunt

464 995 505 1061 In
523 994 646 1078 maius;
667 994 755 1062 idem
779 996 878 1062 odere
901 996 991 1062 vires

508 1104 612 1172 Omne
635 1107 730 1174 nefas
751 1107 860 1174 animo
883 1114 1063 1175 moventes.

422 1257 544 1346 [rats
566 1282 714 1327 mearum
737 1262 942 1329 centimanus
965 1260 1059 1350 Gyas

422 1369 682 1453 Sententiarum,
708 1379 806 1440 notus
829 1380 865 1440 et
886 1373 1040 1459 integrae

463 1482 659 1573 Temptator
683 1483 784 1551 Orion
809 1485 948 1565 Dianae,

508 1594 669 1680 Virginea
691 1595 836 1662 domitus
856 1594 1005 1682 sagitta]

420 1749 550 1816 Iniecta
572 1749 729 1816 monstris
751 1749 856 1817 Terra
878 1750 970 1817 dolet
997 1751 1065 1817 suis

420 1859 616 1949 Maeretque
639 1867 757 1948 partus
779 1862 917 1929 fulmine
936 1860 1081 1928 luridum

463 1970 584 2039 Missos
605 1972 649 2038 ad
672 1972 807 2056 Orcum;
830 1995 890 2040 nec
909 1971 1042 2061 peredit

506 2081 691 2171 Inpositam
713 2085 802 2150 celer
823 2084 912 2171 ignis
933 2082 1086 2164 Aetnam,

420 2237 664 2304 Incontinentis
687 2261 747 2305 nec
770 2238 866 2327 Tityi
888 2239 980 2307 iecur

421 2349 573 2437 Reliquit
594 2351 665 2417 ales
687 2350 856 2439 nequitiae
880 2350 1017 2418 additus

465 2459 603 2546 Custos;
626 2467 809 2529 amatorem
832 2468 1004 2529 trecentae

506 2572 694 2639 Pirithoum
719 2574 873 2640 cohibent
898 2579 1044 2640 catenae.

764 2949 808 3023 V.

422 3100 523 3168 Caelo
545 3107 718 3168 tonantem
740 3101 939 3168 credidimus
961 3101 1075 3169 Iovem

421 3212 594 3298 Regnar03
616 3234 773 3301 praesens
797 3212 894 3279 divus
914 3213 1093 3280 habebitur

463 3323 639 3410 Augustus
662 3322 801 3390 adiectis
824 3323 1000 3391 Britannis

505 3436 650 3524 Imperio
673 3436 898 3524 gravibusque
921 3436 1041 3504 Persis

293 3601 304 3614 '
420 3590 560 3658 Milesne
584 3589 698 3658 Crassi
721 3591 861 3676 coniuge
882 3591 1026 3658 barbara

421 3702 543 3791 Turpis
565 3701 706 3769 maritus
727 3701 815 3768 vixit
837 3706 873 3767 et
894 3701 1046 3781 hostium,

464 3812 529 3880 Pro
551 3814 643 3880 curia
665 3813 856 3901 inversique
878 3814 1005 3879 mores!

507 3922 690 3992 Consenuit
713 3946 900 3992 socerorum
920 3925 954 3990 in
978 3923 1068 3990 armis

422 4076 488 4145 Sub
511 4100 592 4164 rege
613 4078 711 4144 Medo
734 4075 866 4144 Marsus
888 4083 924 4144 et
945 4076 1085 4165 Apulus,

422 4188 629 4257 Anciliorum
651 4194 687 4255 et
710 4189 850 4256 nominis
872 4195 909 4256 et
928 4196 1030 4275 togae

464 4300 597 4368 Oblitus
617 4307 842 4390 aeternaeque
864 4300 991 4368 Vestae

506 4412 668 4480 Incolumi
690 4412 771 4479 Iove
794 4418 829 4479 et
848 4413 930 4480 urbe
954 4412 1083 4479 Roma?

421 4567 494 4634 Hoc
513 4573 651 4635 caverat
672 4589 764 4634 mens
785 4566 928 4656 provida
949 4566 1075 4655 Reguli

422 4675 662 4746 Dissentientis
685 4678 931 4746 condicionibus

464 4789 586 4857 Foedis
606 4795 642 4856 et
662 4789 811 4877 exemplo
833 4789 983 4856 trahenti

506 4900 693 4970 Perniciem
714 4902 851 4967 veniens
876 4901 910 4966 in
933 4922 1061 4989 aevum,
